2792 4617
557 288 637 348 'so
1032 292 1407 354 mawron
1440 294 1996 353 Tmonvifflnos
2312 347 2318 350 ,
2423 294 2577 366 111,1

416 432 517 481 4:31]
557 420 673 484 Cn.
721 419 907 488 Valet
948 421 1139 503 atque
1157 443 1162 449 ·
1182 419 1361 485 uiuit.
1432 419 1569 483 Mn.
1604 397 1736 485 Vbi
1778 424 1983 485 namst
2022 419 2298 504 quaeso?
2377 415 2496 484 011.

1392 511 1594 598 Apud
1628 514 1730 578 me
1765 513 1951 578 domi.

557 612 681 672 ME.
721 612 910 675 Meus
937 607 1206 695 gnetus?
1251 603 1373 672 ΟΠ.
1407 605 1518 671 Sic
1536 617 1649 672 est.
1692 606 1828 672 Mn.
1848 607 2080 674 Venit?
2124 605 2245 672 Cu.
2267 604 2476 672 Certe.

1392 700 1530 764 Mn.
1570 698 1779 766 Clinia

721 796 909 861 Meus
942 794 1154 861 uenit?
1226 791 1347 860 Cn.
1382 793 1561 859 Dixi.
1631 794 1767 858 Mn.
1803 793 2074 860 Eamus}
2111 795 2239 861 duc
2270 816 2375 862 me
2397 795 2481 860 ad

1395 910 1562 966 eum,
1598 889 1880 955 ebsecro.

557 988 673 1048 UH.
721 984 866 1048 Non
899 984 1036 1050 uelt
1069 992 1133 1049 te
1167 980 1326 1048 scire
1362 985 1431 1049 se
1465 983 1702 1048 redisse
1737 983 1947 1060 etiam,
1984 984 2049 1048 et
2082 992 2258 1048 tuom

725 1076 1149 1164 Conspectum
1185 1077 1447 1162 fugitat:
1483 1079 1739 1163 prepter
1769 1087 2099 1163 peccatum
2134 1076 2256 1142 hec
2280 1077 2478 1154 timet,
2504 1092 2555 1135 25

416 1184 517 1232 *1535
725 1172 821 1236 Ne
855 1173 965 1236 tua
1000 1166 1231 1237 duritia
1266 1173 1527 1254 antiqua
1560 1170 1668 1236 illa
1701 1170 1890 1236 etiam
1925 1171 2194 1237 adaucta
2228 1171 2324 1236 sit.
2434 1179 2440 1182 ’

553 1272 681 1328 Mna.
725 1268 866 1332 Non
890 1275 961 1331 tu
983 1264 1078 1331 ffli
1102 1265 1259 1330 dixti
1285 1276 1357 1331 ut
1391 1264 1633 1330 essem?
1703 1261 1823 1330 Cn.
1858 1264 2025 1330 Non.
2092 1265 2228 1330 Mn.
2266 1264 2480 1348 Quam

1390 1358 1475 1423 ob
1508 1361 1663 1436 rem,
1702 1355 2045 1425 Chremes?

553 1456 665 1520 [311.
721 1453 888 1536 [Quia
921 1453 1218 1539 pessume
1251 1451 1414 1517 istuc
1448 1453 1515 1517 in
1550 1462 1613 1517 te
1649 1463 1837 1536 atque
1871 1453 1939 1518 in
1972 1453 2150 1519 illum
2186 1453 2487 1532 censulis,

721 1548 793 1612 fii
828 1550 890 1612 te
926 1558 1057 1612 tam
1090 1546 1216 1612 leni
1253 1557 1314 1612 et
1350 1548 1520 1612 uicto
1558 1569 1695 1612 esse
1731 1547 1940 1612 animo
1975 1548 2341 1614 ostenderis.

553 1648 681 1704 MP..
721 1644 869 1708 Non
917 1643 1205 1727 pessum:
1270 1641 1423 1706 satis
1474 1639 1631 1718 iam,
1685 1641 1836 1706 setis
1886 1651 2066 1727 pater
2117 1642 2312 1708 durus
2363 1641 2475 1707 fui.
2502 1661 2554 1701 30

1395 1732 1515 1799 Cn.
1553 1734 1684 1812 Ah,

412 1850 513 1900 44⁴]
717 1829 1078 1896 Vehemens
1127 1828 1195 1894 in
1244 1839 1581 1913 utramque
1630 1832 1897 1915 partem,
1948 1828 2356 1908 Menedeme,
2408 1830 2478 1895 es

1391 1945 1601 2000 nimis,

721 2020 855 2084 rant
887 2015 1177 2101 lergitate
1210 2016 1406 2082 nimia
1439 2026 1549 2081 aut
1580 2015 1993 2103 parsimenia:

721 2116 797 2176 [n
837 2110 1103 2177 eandem
1143 2109 1436 2176 fraudem
1480 2133 1559 2176 ex
1601 2109 1721 2176 hac
1762 2133 1832 2176 re
1875 2121 2065 2195 atque
2109 2133 2190 2177 ex
2230 2111 2340 2177 illa
2382 2114 2480 2178 in-

1019 2236 1027 2248 ·
1392 2205 1584 2270 cides.

717 2299 1004 2364 Primum
1040 2293 1190 2363 elim
1223 2298 1435 2385 potius
1473 2300 1666 2383 quam
1698 2307 1983 2385 paterere
2018 2297 2223 2364 filium

721 2392 1121 2460 Commetare
1157 2393 1240 2456 ad
1274 2392 1730 2469 mulierculam,
1765 2415 1929 2476 quae
1962 2393 2221 2479 paululo
2507 2413 2556 2455 85

412 2500 513 2548 1145
721 2488 886 2552 Tum
923 2489 1057 2552 erat
1091 2497 1385 2552 contenta
1420 2488 1693 2571 quoique
1729 2496 1906 2553 erant
1939 2498 2123 2573 grata
2157 2489 2388 2565 emnia,

717 2581 1123 2648 Proterruisti
1157 2581 1322 2646 hinc.
1396 2578 1475 2645 ea
1507 2591 1725 2645 coacta
1757 2580 2040 2666 ingratiis

721 2677 981 2740 Postilla
1015 2675 1220 2760 coepit
1252 2677 1497 2740 uictum
1529 2675 1724 2760 uolgo
1758 2677 2080 2759 quaerere.

725 2772 906 2834 Nunc
940 2771 1132 2852 quem
1168 2768 1302 2832 sine
1337 2790 1571 2855 magno
1606 2768 2062 2834 intertrimento
2095 2772 2225 2835 nen
2258 2780 2467 2856 potest

729 2864 984 2941 Haberi,
1018 2863 1270 2947 quiduis
1307 2863 1458 2928 dare
1492 2862 1690 2948 cupis.
1760 2886 1908 2927 nam
1940 2875 2014 2930 ut
2046 2865 2118 2928 tu
2152 2865 2335 2943 scias,
2503 2886 2554 2925 ιο

416 2978 517 3028 430
721 2960 934 3040 Quam
985 2980 1060 3022 ea
1111 2958 1279 3023 nunc
1328 2957 1636 3022 instructa
1684 2956 1945 3041 pulchre
2006 2960 2089 3024 ad
2137 2961 2482 3046 perniciem

1396 3051 1535 3128 siet,

721 3146 1008 3212 Primum
1040 3144 1168 3209 iam
1204 3144 1461 3210 ancillas
1498 3146 1713 3209 secum
1758 3145 2020 3210 adduxit
2060 3147 2203 3232 plus
2239 3147 2479 3226 decem,

725 3240 1036 3304 Oneratas
1070 3249 1247 3304 ueste
1283 3249 1474 3322 atque
1509 3239 1690 3303 asu-o:
1727 3248 1981 3324 satrapa
2017 3242 2070 3304 si
2105 3240 2223 3307 siet

725 3336 1007 3411 Amator,
1043 3355 1389 3417 numquam
1426 3331 1687 3397 sufferre
1723 3331 1857 3396 eius
1894 3335 2181 3418 sumptus
2216 3347 2435 3418 queat3

725 3428 973 3492 Nedum
1006 3439 1077 3492 tu
1111 3426 1332 3513 possis.
1402 3425 1537 3491 Mn.
1582 3409 1782 3492 ssstne
1826 3449 1902 3492 ea
1934 3427 2140 3493 intus?
2210 3427 2330 3495 Cn.
2380 3430 2480 3497 Sit
2504 3450 2555 3491 45

1392 3521 1620 3606 rogas?
1883 3590 1885 3594 ,

416 3628 517 3680 4525
725 3617 926 3680 Sensi.
987 3637 1136 3680 nam
1170 3637 1365 3680 unam
1398 3624 1460 3680 εἰ·
1492 3617 1713 3680 cenam
1747 3625 1938 3699 atque
1974 3613 2108 3681 eius
2145 3617 2477 3683 cemitibus
2739 3646 2740 3668 2

725 3708 917 3786 Dedi3
954 3707 1128 3793 quod
1168 3708 1222 3772 si
1255 3710 1486 3774 iterum
1520 3708 1673 3772 mihi
1708 3707 1787 3772 sit
1822 3708 2051 3786 danda,
2086 3710 2296 3775 actum
2330 3712 2467 3778 siet.

725 3804 886 3869 Nam
921 3814 994 3869 ut
1027 3802 1153 3868 elia
1187 3803 1493 3880 omittam,
1528 3802 1894 3888 pytissando
1926 3803 2119 3868 medo
2151 3804 2307 3869 mihi
2739 3805 2740 3842 ¹

725 3898 897 3980 Quid
929 3896 1064 3962 uini
1096 3896 1449 3983 absumpsit
1484 3895 1603 3960 ‘sic
1637 3894 1782 3961 hoc’
1820 3897 2032 3962 dicens
2042 3922 2059 3974 ;
2098 3901 2441 3984 ‘asperum,

729 3996 932 4068 Pater,
967 3991 1089 4056 hec
1125 4001 1245 4055 est:
1283 3991 1455 4055 aliud
1488 3988 1693 4055 lenius
1729 3990 1910 4055 sodes
1946 3991 2149 4058 uide’l
2504 4012 2555 4054 50

420 4096 517 4148 41sz
725 4086 945 4152 Releui
979 4085 1147 4151 dolia
1181 4085 1413 4163 emnia,
1450 4083 1653 4149 omnis
1690 4083 1903 4150 serias.
