<?xml version="1.0" encoding="UTF-8"?>
<!DOCTYPE html PUBLIC "-//W3C//DTD XHTML 1.0 Transitional//EN"
    "http://www.w3.org/TR/xhtml1/DTD/xhtml1-transitional.dtd">
<html xmlns="http://www.w3.org/1999/xhtml" xml:lang="en" lang="en">
 <head>
  <title>
</title>
<meta http-equiv="Content-Type" content="text/html;charset=utf-8" />
  <meta name='ocr-system' content='tesseract 3.04.00' />
  <meta name='ocr-capabilities' content='ocr_page ocr_carea ocr_par ocr_line ocrx_word'/>
</head>
<body>
  <div class='ocr_page' id='page_1' title='image "./pterentiafricom01dziagoog_0057.png"; bbox 0 0 2792 4617; ppageno 0'>
   <div class='ocr_carea' id='block_1_1' title="bbox 354 2367 413 2407">
    <p class='ocr_par' dir='ltr' id='par_1_1' title="bbox 354 2367 413 2407">
     <span class='ocr_line' id='line_1_1' title="bbox 354 2367 413 2407; baseline 0 0"><span class='ocrx_word' id='word_1_1' title='bbox 354 2367 413 2407; x_wconf 75' lang='lat'><strong>45</strong></span> 
     </span>
    </p>
   </div>
   <div class='ocr_carea' id='block_1_2' title="bbox 355 2835 416 2881">
    <p class='ocr_par' dir='ltr' id='par_1_2' title="bbox 355 2835 416 2881">
     <span class='ocr_line' id='line_1_2' title="bbox 355 2835 416 2881; baseline 0 -2"><span class='ocrx_word' id='word_1_2' title='bbox 355 2835 416 2881; x_wconf 78' lang='lat'><strong>50</strong></span> 
     </span>
    </p>
   </div>
   <div class='ocr_carea' id='block_1_3' title="bbox 604 317 2363 634">
    <p class='ocr_par' dir='ltr' id='par_1_3' title="bbox 604 317 2363 634">
     <span class='ocr_line' id='line_1_3' title="bbox 1254 317 2360 390; baseline -0.006 -2"><span class='ocrx_word' id='word_1_3' title='bbox 1254 332 1555 390; x_wconf 83' lang='lat' dir='ltr'>ANDRIA</span> <span class='ocrx_word' id='word_1_4' title='bbox 2283 317 2360 381; x_wconf 88' lang='lat'><strong>11</strong></span> 
     </span>
     <span class='ocr_line' id='line_1_4' title="bbox 604 454 2363 634; baseline -0.001 -114"><span class='ocrx_word' id='word_1_5' title='bbox 604 456 781 521; x_wconf 87' lang='lat' dir='ltr'><strong>Dum</strong></span> <span class='ocrx_word' id='word_1_6' title='bbox 844 457 1016 522; x_wconf 64' lang='lat' dir='ltr'><strong>aetes</strong></span> <span class='ocrx_word' id='word_1_7' title='bbox 1078 469 1317 614; x_wconf 80' lang='lat' dir='ltr'><strong>metusI</strong></span> <span class='ocrx_word' id='word_1_8' title='bbox 1346 458 1650 634; x_wconf 47' lang='lat' dir='ltr'><strong>magister</strong></span> <span class='ocrx_word' id='word_1_9' title='bbox 1708 455 2164 542; x_wconf 74' lang='lat' dir='ltr'><strong>prohibebent?</strong></span> <span class='ocrx_word' id='word_1_10' title='bbox 2250 454 2363 522; x_wconf 84' lang='lat' dir='ltr'><strong>Sc.</strong></span> 
     </span>
     <span class='ocr_line' id='line_1_5' title="bbox 1319 561 1463 616; baseline 0.014 -3"><span class='ocrx_word' id='word_1_11' title='bbox 1319 561 1463 616; x_wconf 81' lang='lat' dir='ltr'><strong>tast.</strong></span> 
     </span>
    </p>
   </div>
   <div class='ocr_carea' id='block_1_4' title="bbox 515 641 2468 729">
    <p class='ocr_par' dir='ltr' id='par_1_4' title="bbox 515 641 2468 729">
     <span class='ocr_line' id='line_1_6' title="bbox 515 641 2468 729; baseline 0.002 -22"><span class='ocrx_word' id='word_1_12' title='bbox 515 692 530 707; x_wconf 89' lang='lat'><strong>.</strong></span> <span class='ocrx_word' id='word_1_13' title='bbox 604 642 799 724; x_wconf 83' lang='lat' dir='ltr'><strong>Quod</strong></span> <span class='ocrx_word' id='word_1_14' title='bbox 830 644 1118 729; x_wconf 88' lang='lat' dir='ltr'><strong>plerique</strong></span> <span class='ocrx_word' id='word_1_15' title='bbox 1152 665 1369 709; x_wconf 75' lang='lat' dir='ltr'><strong>omnes</strong></span> <span class='ocrx_word' id='word_1_16' title='bbox 1406 643 1650 709; x_wconf 63' lang='lat' dir='ltr'><strong>feciunt</strong></span> <span class='ocrx_word' id='word_1_17' title='bbox 1685 641 2163 719; x_wconf 78' lang='lat' dir='ltr'><strong>adulescentuli,</strong></span> <span class='ocrx_word' id='word_1_18' title='bbox 2398 656 2468 710; x_wconf 81' lang='lat'><strong>55</strong></span> 
     </span>
    </p>
   </div>
   <div class='ocr_carea' id='block_1_5' title="bbox 602 737 2472 1393">
    <p class='ocr_par' dir='ltr' id='par_1_5' title="bbox 604 737 2368 918">
     <span class='ocr_line' id='line_1_7' title="bbox 604 737 2368 825; baseline -0.001 -20"><span class='ocrx_word' id='word_1_19' title='bbox 604 738 694 805; x_wconf 89' lang='lat' dir='ltr'><strong>Vt</strong></span> <span class='ocrx_word' id='word_1_20' title='bbox 736 737 1016 803; x_wconf 68' lang='lat' dir='ltr'><strong>enimam</strong></span> <span class='ocrx_word' id='word_1_21' title='bbox 1060 739 1142 804; x_wconf 88' lang='lat' dir='ltr'><strong>ad</strong></span> <span class='ocrx_word' id='word_1_22' title='bbox 1196 739 1457 823; x_wconf 84' lang='lat' dir='ltr'><strong>aliquod</strong></span> <span class='ocrx_word' id='word_1_23' title='bbox 1509 738 1786 805; x_wconf 73' lang='lat' dir='ltr'><strong>studium</strong></span> <span class='ocrx_word' id='word_1_24' title='bbox 1838 739 2206 825; x_wconf 86' lang='lat' dir='ltr'><strong>adiungant,</strong></span> <span class='ocrx_word' id='word_1_25' title='bbox 2257 739 2368 804; x_wconf 72' lang='lat' dir='ltr'><strong>aut</strong></span> 
     </span>
     <span class='ocr_line' id='line_1_8' title="bbox 1283 855 1480 918; baseline 0 -19"><span class='ocrx_word' id='word_1_26' title='bbox 1283 855 1480 918; x_wconf 74' lang='lat' dir='ltr'><strong>equos</strong></span> 
     </span>
    </p>

    <p class='ocr_par' dir='ltr' id='par_1_6' title="bbox 604 927 2364 1015">
     <span class='ocr_line' id='line_1_9' title="bbox 604 927 2364 1015; baseline 0.002 -24"><span class='ocrx_word' id='word_1_27' title='bbox 604 928 797 993; x_wconf 90' lang='lat' dir='ltr'><strong>Alere</strong></span> <span class='ocrx_word' id='word_1_28' title='bbox 823 929 934 992; x_wconf 72' lang='lat' dir='ltr'><strong>aut</strong></span> <span class='ocrx_word' id='word_1_29' title='bbox 961 950 1147 993; x_wconf 80' lang='lat' dir='ltr'><strong>canes</strong></span> <span class='ocrx_word' id='word_1_30' title='bbox 1174 927 1258 993; x_wconf 89' lang='lat' dir='ltr'><strong>ad</strong></span> <span class='ocrx_word' id='word_1_31' title='bbox 1282 927 1667 1006; x_wconf 88' lang='lat' dir='ltr'><strong>uenandum,</strong></span> <span class='ocrx_word' id='word_1_32' title='bbox 1693 939 1802 993; x_wconf 82' lang='lat' dir='ltr'><strong>aut</strong></span> <span class='ocrx_word' id='word_1_33' title='bbox 1830 928 1912 993; x_wconf 88' lang='lat' dir='ltr'><strong>ad</strong></span> <span class='ocrx_word' id='word_1_34' title='bbox 1937 927 2364 1015; x_wconf 72' lang='lat' dir='ltr'><strong>phssosophoS,</strong></span> 
     </span>
    </p>

    <p class='ocr_par' dir='ltr' id='par_1_7' title="bbox 603 1021 1938 1109">
     <span class='ocr_line' id='line_1_10' title="bbox 603 1021 1938 1109; baseline 0.001 -25"><span class='ocrx_word' id='word_1_35' title='bbox 603 1022 853 1085; x_wconf 90' lang='lat' dir='ltr'><strong>Horum</strong></span> <span class='ocrx_word' id='word_1_36' title='bbox 887 1021 993 1087; x_wconf 93' lang='lat' dir='ltr'><strong>flle</strong></span> <span class='ocrx_word' id='word_1_37' title='bbox 1027 1022 1116 1087; x_wconf 91' lang='lat' dir='ltr'><strong>nil</strong></span> <span class='ocrx_word' id='word_1_38' title='bbox 1154 1022 1409 1109; x_wconf 84' lang='lat' dir='ltr'><strong>egregie</strong></span> <span class='ocrx_word' id='word_1_39' title='bbox 1443 1034 1695 1108; x_wconf 86' lang='lat' dir='ltr'><strong>praeter</strong></span> <span class='ocrx_word' id='word_1_40' title='bbox 1729 1024 1938 1088; x_wconf 84' lang='lat' dir='ltr'><strong>cetera</strong></span> 
     </span>
    </p>

    <p class='ocr_par' dir='ltr' id='par_1_8' title="bbox 605 1114 2177 1193">
     <span class='ocr_line' id='line_1_11' title="bbox 605 1114 2177 1193; baseline 0 -13"><span class='ocrx_word' id='word_1_41' title='bbox 605 1114 939 1193; x_wconf 89' lang='lat' dir='ltr'><strong>Studebat,</strong></span> <span class='ocrx_word' id='word_1_42' title='bbox 976 1127 1040 1182; x_wconf 88' lang='lat' dir='ltr'><strong>et</strong></span> <span class='ocrx_word' id='word_1_43' title='bbox 1073 1127 1286 1181; x_wconf 90' lang='lat' dir='ltr'><strong>tamen</strong></span> <span class='ocrx_word' id='word_1_44' title='bbox 1323 1117 1535 1181; x_wconf 79' lang='lat' dir='ltr'><strong>emnia</strong></span> <span class='ocrx_word' id='word_1_45' title='bbox 1568 1117 1728 1182; x_wconf 89' lang='lat' dir='ltr'><strong>haec</strong></span> <span class='ocrx_word' id='word_1_46' title='bbox 1760 1116 2177 1182; x_wconf 75' lang='lat' dir='ltr'>mediocriter.</span> 
     </span>
    </p>

    <p class='ocr_par' dir='ltr' id='par_1_9' title="bbox 606 1207 2472 1301">
     <span class='ocr_line' id='line_1_12' title="bbox 606 1207 2472 1301; baseline -0.001 -26"><span class='ocrx_word' id='word_1_47' title='bbox 606 1207 1046 1301; x_wconf 41' lang='lat' dir='ltr'><strong>Gaudebani.)</strong></span> <span class='ocrx_word' id='word_1_48' title='bbox 1079 1210 1192 1278; x_wconf 90' lang='lat' dir='ltr'><strong>So.</strong></span> <span class='ocrx_word' id='word_1_49' title='bbox 1245 1212 1393 1276; x_wconf 91' lang='lat' dir='ltr'><strong>Non</strong></span> <span class='ocrx_word' id='word_1_50' title='bbox 1429 1207 1686 1289; x_wconf 65' lang='lat' dir='ltr'><strong>iniuri33</strong></span> <span class='ocrx_word' id='word_1_51' title='bbox 1721 1234 1868 1276; x_wconf 84' lang='lat' dir='ltr'><strong>nam</strong></span> <span class='ocrx_word' id='word_1_52' title='bbox 1905 1211 1972 1276; x_wconf 89' lang='lat' dir='ltr'><strong>id</strong></span> <span class='ocrx_word' id='word_1_53' title='bbox 2007 1211 2276 1276; x_wconf 57' lang='lat' dir='ltr'><strong>&amp;rbitror</strong></span> <span class='ocrx_word' id='word_1_54' title='bbox 2402 1229 2472 1283; x_wconf 85' lang='lat'><strong>60</strong></span> 
     </span>
    </p>

    <p class='ocr_par' dir='ltr' id='par_1_10' title="bbox 602 1306 2223 1393">
     <span class='ocr_line' id='line_1_13' title="bbox 602 1306 2223 1393; baseline 0 -23"><span class='ocrx_word' id='word_1_55' title='bbox 602 1306 913 1393; x_wconf 74' lang='lat' dir='ltr'><strong>Adprime</strong></span> <span class='ocrx_word' id='word_1_56' title='bbox 948 1307 1015 1372; x_wconf 92' lang='lat' dir='ltr'><strong>in</strong></span> <span class='ocrx_word' id='word_1_57' title='bbox 1050 1308 1184 1372; x_wconf 83' lang='lat' dir='ltr'><strong>uita</strong></span> <span class='ocrx_word' id='word_1_58' title='bbox 1219 1328 1357 1372; x_wconf 75' lang='lat' dir='ltr'><strong>esse</strong></span> <span class='ocrx_word' id='word_1_59' title='bbox 1391 1308 1567 1385; x_wconf 74' lang='lat' dir='ltr'><strong>utile,</strong></span> <span class='ocrx_word' id='word_1_60' title='bbox 1603 1318 1677 1371; x_wconf 87' lang='lat' dir='ltr'><strong>ut</strong></span> <span class='ocrx_word' id='word_1_61' title='bbox 1708 1329 1790 1371; x_wconf 90' lang='lat' dir='ltr'><strong>ne</strong></span> <span class='ocrx_word' id='word_1_62' title='bbox 1827 1306 1984 1389; x_wconf 72' lang='lat' dir='ltr'><strong>quid</strong></span> <span class='ocrx_word' id='word_1_63' title='bbox 2015 1306 2223 1371; x_wconf 78' lang='lat' dir='ltr'><strong>nimis.</strong></span> 
     </span>
    </p>
   </div>
   <div class='ocr_carea' id='block_1_6' title="bbox 515 1397 2167 1487">
    <p class='ocr_par' dir='ltr' id='par_1_11' title="bbox 515 1397 2167 1487">
     <span class='ocr_line' id='line_1_14' title="bbox 515 1397 2167 1487; baseline 0.001 -24"><span class='ocrx_word' id='word_1_64' title='bbox 515 1448 531 1463; x_wconf 90' lang='lat'><strong>.</strong></span> <span class='ocrx_word' id='word_1_65' title='bbox 604 1397 713 1466; x_wconf 88' lang='lat' dir='ltr'><strong>Sic</strong></span> <span class='ocrx_word' id='word_1_66' title='bbox 751 1402 886 1465; x_wconf 77' lang='lat' dir='ltr'><strong>uita</strong></span> <span class='ocrx_word' id='word_1_67' title='bbox 919 1411 1082 1466; x_wconf 86' lang='lat' dir='ltr'><strong>erat:</strong></span> <span class='ocrx_word' id='word_1_68' title='bbox 1118 1401 1304 1467; x_wconf 83' lang='lat' dir='ltr'><strong>facile</strong></span> <span class='ocrx_word' id='word_1_69' title='bbox 1341 1401 1549 1466; x_wconf 72' lang='lat' dir='ltr'><strong>emnia</strong></span> <span class='ocrx_word' id='word_1_70' title='bbox 1583 1401 1862 1487; x_wconf 86' lang='lat' dir='ltr'><strong>perferre</strong></span> <span class='ocrx_word' id='word_1_71' title='bbox 1898 1402 1973 1465; x_wconf 67' lang='lat' dir='ltr'><strong>ec</strong></span> <span class='ocrx_word' id='word_1_72' title='bbox 2007 1400 2167 1486; x_wconf 85' lang='lat' dir='ltr'><strong>pati3</strong></span> 
     </span>
    </p>
   </div>
   <div class='ocr_carea' id='block_1_7' title="bbox 604 1493 2473 1865">
    <p class='ocr_par' dir='ltr' id='par_1_12' title="bbox 604 1493 2473 1865">
     <span class='ocr_line' id='line_1_15' title="bbox 605 1493 2370 1581; baseline -0.001 -20"><span class='ocrx_word' id='word_1_73' title='bbox 605 1493 773 1561; x_wconf 83' lang='lat' dir='ltr'><strong>Cum</strong></span> <span class='ocrx_word' id='word_1_74' title='bbox 809 1497 1039 1581; x_wconf 72' lang='lat' dir='ltr'><strong>quibus</strong></span> <span class='ocrx_word' id='word_1_75' title='bbox 1074 1509 1209 1562; x_wconf 85' lang='lat' dir='ltr'><strong>erat</strong></span> <span class='ocrx_word' id='word_1_76' title='bbox 1242 1518 1563 1580; x_wconf 90' lang='lat' dir='ltr'><strong>quomque</strong></span> <span class='ocrx_word' id='word_1_77' title='bbox 1606 1497 1754 1573; x_wconf 75' lang='lat' dir='ltr'><strong>una,</strong></span> <span class='ocrx_word' id='word_1_78' title='bbox 1800 1495 1891 1561; x_wconf 84' lang='lat' dir='ltr'><strong>eis</strong></span> <span class='ocrx_word' id='word_1_79' title='bbox 1935 1518 2072 1561; x_wconf 83' lang='lat' dir='ltr'><strong>sese</strong></span> <span class='ocrx_word' id='word_1_80' title='bbox 2108 1495 2339 1561; x_wconf 86' lang='lat' dir='ltr'><strong>dedere</strong></span> <span class='ocrx_word' id='word_1_81' title='bbox 2348 1523 2370 1576; x_wconf 88' lang='lat'>;</span> 
     </span>
     <span class='ocr_line' id='line_1_16' title="bbox 604 1589 2073 1677; baseline -0.001 -22"><span class='ocrx_word' id='word_1_82' title='bbox 604 1591 847 1656; x_wconf 78' lang='lat' dir='ltr'><strong>Eerum</strong></span> <span class='ocrx_word' id='word_1_83' title='bbox 883 1592 1104 1656; x_wconf 80' lang='lat' dir='ltr'><strong>studiis</strong></span> <span class='ocrx_word' id='word_1_84' title='bbox 1141 1592 1410 1676; x_wconf 78' lang='lat' dir='ltr'><strong>ebsequi</strong></span> <span class='ocrx_word' id='word_1_85' title='bbox 1450 1589 1780 1677; x_wconf 81' lang='lat' dir='ltr'><strong>[aduersus</strong></span> <span class='ocrx_word' id='word_1_86' title='bbox 1816 1590 2073 1669; x_wconf 89' lang='lat' dir='ltr'><strong>nemini,</strong></span> 
     </span>
     <span class='ocr_line' id='line_1_17' title="bbox 605 1683 2473 1772; baseline 0.001 -23"><span class='ocrx_word' id='word_1_87' title='bbox 605 1685 974 1769; x_wconf 83' lang='lat' dir='ltr'><strong>Numquam</strong></span> <span class='ocrx_word' id='word_1_88' title='bbox 1008 1707 1404 1772; x_wconf 85' lang='lat' dir='ltr'><strong>praeponens</strong></span> <span class='ocrx_word' id='word_1_89' title='bbox 1441 1707 1508 1751; x_wconf 78' lang='lat' dir='ltr'><strong>se</strong></span> <span class='ocrx_word' id='word_1_90' title='bbox 1545 1683 1728 1771; x_wconf 81' lang='lat' dir='ltr'><strong>illis]:</strong></span> <span class='ocrx_word' id='word_1_91' title='bbox 1763 1684 1852 1749; x_wconf 86' lang='lat' dir='ltr'><strong>ita</strong></span> <span class='ocrx_word' id='word_1_92' title='bbox 1884 1696 1958 1751; x_wconf 88' lang='lat' dir='ltr'><strong>ut</strong></span> <span class='ocrx_word' id='word_1_93' title='bbox 1989 1683 2310 1751; x_wconf 71' lang='lat' dir='ltr'><strong>facillume</strong></span> <span class='ocrx_word' id='word_1_94' title='bbox 2404 1704 2473 1758; x_wconf 87' lang='lat'><strong>65</strong></span> 
     </span>
     <span class='ocr_line' id='line_1_18' title="bbox 609 1777 2249 1865; baseline -0.001 -21"><span class='ocrx_word' id='word_1_95' title='bbox 609 1777 760 1845; x_wconf 86' lang='lat' dir='ltr'><strong>Sine</strong></span> <span class='ocrx_word' id='word_1_96' title='bbox 794 1779 1034 1843; x_wconf 72' lang='lat' dir='ltr'><strong>inuidia</strong></span> <span class='ocrx_word' id='word_1_97' title='bbox 1066 1781 1321 1845; x_wconf 85' lang='lat' dir='ltr'><strong>laudem</strong></span> <span class='ocrx_word' id='word_1_98' title='bbox 1357 1780 1646 1844; x_wconf 78' lang='lat' dir='ltr'><strong>inueniae</strong></span> <span class='ocrx_word' id='word_1_99' title='bbox 1680 1790 1741 1844; x_wconf 92' lang='lat' dir='ltr'><strong>et</strong></span> <span class='ocrx_word' id='word_1_100' title='bbox 1777 1779 2013 1845; x_wconf 78' lang='lat' dir='ltr'><strong>amices</strong></span> <span class='ocrx_word' id='word_1_101' title='bbox 2047 1802 2249 1865; x_wconf 70' lang='lat' dir='ltr'><strong>parea.</strong></span> 
     </span>
    </p>
   </div>
   <div class='ocr_carea' id='block_1_8' title="bbox 539 1871 2294 1960">
    <p class='ocr_par' dir='ltr' id='par_1_13' title="bbox 539 1871 2294 1960">
     <span class='ocr_line' id='line_1_19' title="bbox 539 1871 2294 1960; baseline 0 -22"><span class='ocrx_word' id='word_1_102' title='bbox 539 1923 552 1938; x_wconf 93' lang='lat'><strong><em>.</em></strong></span> <span class='ocrx_word' id='word_1_103' title='bbox 609 1871 948 1960; x_wconf 78' lang='lat' dir='ltr'><strong>Sapienter</strong></span> <span class='ocrx_word' id='word_1_104' title='bbox 983 1874 1180 1939; x_wconf 84' lang='lat' dir='ltr'><strong>uitam</strong></span> <span class='ocrx_word' id='word_1_105' title='bbox 1213 1874 1514 1951; x_wconf 74' lang='lat' dir='ltr'><strong>instituit3</strong></span> <span class='ocrx_word' id='word_1_106' title='bbox 1550 1895 1825 1956; x_wconf 88' lang='lat' dir='ltr'><strong>namque</strong></span> <span class='ocrx_word' id='word_1_107' title='bbox 1861 1874 1980 1938; x_wconf 92' lang='lat' dir='ltr'><strong>hoc</strong></span> <span class='ocrx_word' id='word_1_108' title='bbox 2013 1876 2294 1960; x_wconf 86' lang='lat' dir='ltr'><strong>tempore</strong></span> 
     </span>
    </p>
   </div>
   <div class='ocr_carea' id='block_1_9' title="bbox 608 1966 2039 2054">
    <p class='ocr_par' dir='ltr' id='par_1_14' title="bbox 608 1966 2039 2054">
     <span class='ocr_line' id='line_1_20' title="bbox 608 1966 2039 2054; baseline 0.001 -22"><span class='ocrx_word' id='word_1_109' title='bbox 608 1966 1010 2052; x_wconf 80' lang='lat' dir='ltr'><strong>Obsequium</strong></span> <span class='ocrx_word' id='word_1_110' title='bbox 1046 1969 1302 2047; x_wconf 68' lang='lat' dir='ltr'><strong>amicOS,</strong></span> <span class='ocrx_word' id='word_1_111' title='bbox 1337 1969 1573 2033; x_wconf 81' lang='lat' dir='ltr'><strong>ueritas</strong></span> <span class='ocrx_word' id='word_1_112' title='bbox 1608 1968 1822 2033; x_wconf 75' lang='lat' dir='ltr'><strong>odium</strong></span> <span class='ocrx_word' id='word_1_113' title='bbox 1856 1969 2039 2054; x_wconf 85' lang='lat' dir='ltr'><strong>parit.</strong></span> 
     </span>
    </p>
   </div>
   <div class='ocr_carea' id='block_1_10' title="bbox 518 2062 2109 2147">
    <p class='ocr_par' dir='ltr' id='par_1_15' title="bbox 518 2062 2109 2147">
     <span class='ocr_line' id='line_1_21' title="bbox 518 2062 2109 2147; baseline 0.001 -21"><span class='ocrx_word' id='word_1_114' title='bbox 518 2110 534 2126; x_wconf 91' lang='lat'><strong>.</strong></span> <span class='ocrx_word' id='word_1_115' title='bbox 605 2062 857 2128; x_wconf 88' lang='lat' dir='ltr'><strong>Interea</strong></span> <span class='ocrx_word' id='word_1_116' title='bbox 891 2063 1118 2128; x_wconf 87' lang='lat' dir='ltr'><strong>mulier</strong></span> <span class='ocrx_word' id='word_1_117' title='bbox 1152 2062 1467 2147; x_wconf 85' lang='lat' dir='ltr'><strong>quaedam</strong></span> <span class='ocrx_word' id='word_1_118' title='bbox 1504 2062 1736 2128; x_wconf 79' lang='lat' dir='ltr'><strong>abhinc</strong></span> <span class='ocrx_word' id='word_1_119' title='bbox 1770 2063 2109 2128; x_wconf 88' lang='lat' dir='ltr'><strong>triennium</strong></span> 
     </span>
    </p>
   </div>
   <div class='ocr_carea' id='block_1_11' title="bbox 608 2140 2475 2244">
    <p class='ocr_par' dir='ltr' id='par_1_16' title="bbox 608 2140 2475 2244">
     <span class='ocr_line' id='line_1_22' title="bbox 608 2140 2475 2244; baseline 0.003 -22"><span class='ocrx_word' id='word_1_120' title='bbox 608 2156 713 2222; x_wconf 88' lang='lat' dir='ltr'><strong>Ex</strong></span> <span class='ocrx_word' id='word_1_121' title='bbox 747 2140 973 2224; x_wconf 77' lang='lat' dir='ltr'><strong>Andro</strong></span> <span class='ocrx_word' id='word_1_122' title='bbox 1009 2158 1450 2244; x_wconf 70' lang='lat' dir='ltr'><strong>commigreuit</strong></span> <span class='ocrx_word' id='word_1_123' title='bbox 1484 2157 1609 2223; x_wconf 91' lang='lat' dir='ltr'><strong>huc</strong></span> <span class='ocrx_word' id='word_1_124' title='bbox 1645 2158 1963 2236; x_wconf 74' lang='lat' dir='ltr'><strong>uiciniam,</strong></span> <span class='ocrx_word' id='word_1_125' title='bbox 2404 2184 2475 2241; x_wconf 79' lang='grc' dir='ltr'><strong>ἰο</strong></span> 
     </span>
    </p>
   </div>
   <div class='ocr_carea' id='block_1_12' title="bbox 607 2252 2173 2435">
    <p class='ocr_par' dir='ltr' id='par_1_17' title="bbox 607 2252 2173 2435">
     <span class='ocr_line' id='line_1_23' title="bbox 607 2252 1815 2340; baseline -0.001 -23"><span class='ocrx_word' id='word_1_126' title='bbox 607 2253 835 2339; x_wconf 76' lang='lat' dir='ltr'><strong>Inepia</strong></span> <span class='ocrx_word' id='word_1_127' title='bbox 869 2269 933 2319; x_wconf 86' lang='lat' dir='ltr'><strong>et</strong></span> <span class='ocrx_word' id='word_1_128' title='bbox 968 2253 1382 2339; x_wconf 80' lang='lat' dir='ltr'><strong>cognaterum</strong></span> <span class='ocrx_word' id='word_1_129' title='bbox 1420 2252 1815 2340; x_wconf 85' lang='lat' dir='ltr'><strong>neclegentia</strong></span> 
     </span>
     <span class='ocr_line' id='line_1_24' title="bbox 610 2345 2173 2435; baseline 0 -23"><span class='ocrx_word' id='word_1_130' title='bbox 610 2345 869 2425; x_wconf 72' lang='lat' dir='ltr'><strong>Coecta,</strong></span> <span class='ocrx_word' id='word_1_131' title='bbox 906 2348 1164 2435; x_wconf 86' lang='lat' dir='ltr'><strong>egregia</strong></span> <span class='ocrx_word' id='word_1_132' title='bbox 1197 2348 1404 2413; x_wconf 80' lang='lat' dir='ltr'><strong>forma</strong></span> <span class='ocrx_word' id='word_1_133' title='bbox 1439 2360 1631 2431; x_wconf 84' lang='lat' dir='ltr'><strong>atque</strong></span> <span class='ocrx_word' id='word_1_134' title='bbox 1668 2358 1874 2413; x_wconf 83' lang='lat' dir='ltr'><strong>aetate</strong></span> <span class='ocrx_word' id='word_1_135' title='bbox 1909 2348 2173 2432; x_wconf 77' lang='lat' dir='ltr'><strong>integra.</strong></span> 
     </span>
    </p>
   </div>
   <div class='ocr_carea' id='block_1_13' title="bbox 440 2425 2143 2624">
    <p class='ocr_par' dir='ltr' id='par_1_18' title="bbox 440 2425 2143 2624">
     <span class='ocr_line' id='line_1_25' title="bbox 440 2425 2089 2528; baseline -0.001 -20"><span class='ocrx_word' id='word_1_136' title='bbox 440 2441 554 2508; x_wconf 84' lang='lat' dir='ltr'><strong>Sc.</strong></span> <span class='ocrx_word' id='word_1_137' title='bbox 607 2441 711 2519; x_wconf 83' lang='lat' dir='ltr'><strong>Ei,</strong></span> <span class='ocrx_word' id='word_1_138' title='bbox 746 2445 970 2509; x_wconf 88' lang='lat' dir='ltr'><strong>uereor</strong></span> <span class='ocrx_word' id='word_1_139' title='bbox 1002 2466 1082 2507; x_wconf 91' lang='lat' dir='ltr'><strong>ne</strong></span> <span class='ocrx_word' id='word_1_140' title='bbox 1118 2443 1272 2527; x_wconf 91' lang='lat' dir='ltr'><strong>quid</strong></span> <span class='ocrx_word' id='word_1_141' title='bbox 1306 2425 1558 2508; x_wconf 71' lang='lat' dir='ltr'><strong>Andria</strong></span> <span class='ocrx_word' id='word_1_142' title='bbox 1593 2444 1881 2528; x_wconf 86' lang='lat' dir='ltr'><strong>adportet</strong></span> <span class='ocrx_word' id='word_1_143' title='bbox 1914 2442 2089 2507; x_wconf 80' lang='lat' dir='ltr'><strong>mali!</strong></span> 
     </span>
     <span class='ocr_line' id='line_1_26' title="bbox 441 2537 2143 2624; baseline -0.002 -21"><span class='ocrx_word' id='word_1_144' title='bbox 441 2537 535 2604; x_wconf 86' lang='lat' dir='ltr'><strong>S1.</strong></span> <span class='ocrx_word' id='word_1_145' title='bbox 603 2537 820 2602; x_wconf 88' lang='lat' dir='ltr'><strong>Primo</strong></span> <span class='ocrx_word' id='word_1_146' title='bbox 856 2538 1014 2602; x_wconf 86' lang='lat' dir='ltr'><strong>haec</strong></span> <span class='ocrx_word' id='word_1_147' title='bbox 1047 2538 1278 2624; x_wconf 81' lang='lat' dir='ltr'><strong>pudice</strong></span> <span class='ocrx_word' id='word_1_148' title='bbox 1315 2540 1534 2615; x_wconf 83' lang='lat' dir='ltr'><strong>uitam,</strong></span> <span class='ocrx_word' id='word_1_149' title='bbox 1571 2559 1762 2624; x_wconf 85' lang='lat' dir='ltr'><strong>parce</strong></span> <span class='ocrx_word' id='word_1_150' title='bbox 1796 2559 1872 2603; x_wconf 86' lang='lat' dir='ltr'><strong>ac</strong></span> <span class='ocrx_word' id='word_1_151' title='bbox 1906 2538 2143 2602; x_wconf 73' lang='lat' dir='ltr'><strong>duriter</strong></span> 
     </span>
    </p>
   </div>
   <div class='ocr_carea' id='block_1_14' title="bbox 609 2609 2480 3184">
    <p class='ocr_par' dir='ltr' id='par_1_19' title="bbox 609 2609 2475 2999">
     <span class='ocr_line' id='line_1_27' title="bbox 609 2609 2475 2730; baseline -0.001 -33"><span class='ocrx_word' id='word_1_152' title='bbox 609 2632 889 2717; x_wconf 86' lang='lat' dir='ltr'><strong>Agebat,</strong></span> <span class='ocrx_word' id='word_1_153' title='bbox 924 2633 1070 2697; x_wconf 84' lang='lat' dir='ltr'><strong>lana</strong></span> <span class='ocrx_word' id='word_1_154' title='bbox 1105 2654 1180 2697; x_wconf 87' lang='lat' dir='ltr'><strong>ac</strong></span> <span class='ocrx_word' id='word_1_155' title='bbox 1215 2633 1341 2697; x_wconf 84' lang='lat' dir='ltr'><strong>tela</strong></span> <span class='ocrx_word' id='word_1_156' title='bbox 1375 2632 1615 2696; x_wconf 89' lang='lat' dir='ltr'><strong>uictum</strong></span> <span class='ocrx_word' id='word_1_157' title='bbox 1652 2609 2226 2730; x_wconf 56' lang='lat' dir='ltr'><strong>quaeritanffis</strong></span> <span class='ocrx_word' id='word_1_158' title='bbox 2406 2656 2475 2712; x_wconf 78' lang='lat'><strong>75</strong></span> 
     </span>
     <span class='ocr_line' id='line_1_28' title="bbox 614 2724 2313 2812; baseline -0.002 -20"><span class='ocrx_word' id='word_1_159' title='bbox 614 2725 743 2792; x_wconf 88' lang='lat' dir='ltr'><strong>Sed</strong></span> <span class='ocrx_word' id='word_1_160' title='bbox 779 2727 1115 2811; x_wconf 80' lang='lat' dir='ltr'><strong>pestquam</strong></span> <span class='ocrx_word' id='word_1_161' title='bbox 1153 2749 1371 2791; x_wconf 81' lang='lat' dir='ltr'><strong>amans</strong></span> <span class='ocrx_word' id='word_1_162' title='bbox 1408 2726 1672 2791; x_wconf 84' lang='lat' dir='ltr'><strong>accessit</strong></span> <span class='ocrx_word' id='word_1_163' title='bbox 1706 2727 1977 2812; x_wconf 90' lang='lat' dir='ltr'><strong>pretium</strong></span> <span class='ocrx_word' id='word_1_164' title='bbox 2012 2724 2313 2811; x_wconf 76' lang='lat' dir='ltr'><strong>pellicens</strong></span> 
     </span>
     <span class='ocr_line' id='line_1_29' title="bbox 614 2820 2261 2908; baseline -0.001 -23"><span class='ocrx_word' id='word_1_165' title='bbox 614 2821 794 2885; x_wconf 62' lang='lat' dir='ltr'><strong>Vnus</strong></span> <span class='ocrx_word' id='word_1_166' title='bbox 831 2831 894 2884; x_wconf 86' lang='lat' dir='ltr'><strong>et</strong></span> <span class='ocrx_word' id='word_1_167' title='bbox 929 2820 1080 2885; x_wconf 87' lang='lat' dir='ltr'><strong>item</strong></span> <span class='ocrx_word' id='word_1_168' title='bbox 1116 2822 1294 2899; x_wconf 85' lang='lat' dir='ltr'><strong>alter,</strong></span> <span class='ocrx_word' id='word_1_169' title='bbox 1330 2822 1422 2885; x_wconf 76' lang='lat' dir='ltr'><strong>ita.</strong></span> <span class='ocrx_word' id='word_1_170' title='bbox 1455 2832 1527 2885; x_wconf 88' lang='lat' dir='ltr'><strong>ut</strong></span> <span class='ocrx_word' id='word_1_171' title='bbox 1560 2820 1947 2908; x_wconf 85' lang='lat' dir='ltr'><strong>ingeniumst</strong></span> <span class='ocrx_word' id='word_1_172' title='bbox 1982 2820 2261 2884; x_wconf 77' lang='lat' dir='ltr'><strong>emnium</strong></span> 
     </span>
     <span class='ocr_line' id='line_1_30' title="bbox 613 2913 2170 2999; baseline -0.001 -21"><span class='ocrx_word' id='word_1_173' title='bbox 613 2914 965 2989; x_wconf 88' lang='lat' dir='ltr'><strong>Hominum</strong></span> <span class='ocrx_word' id='word_1_174' title='bbox 999 2914 1081 2978; x_wconf 66' lang='lat' dir='ltr'><strong>eb</strong></span> <span class='ocrx_word' id='word_1_175' title='bbox 1115 2913 1333 2980; x_wconf 86' lang='lat' dir='ltr'><strong>labore</strong></span> <span class='ocrx_word' id='word_1_176' title='bbox 1368 2914 1649 2999; x_wconf 79' lang='lat' dir='ltr'><strong>precliue</strong></span> <span class='ocrx_word' id='word_1_177' title='bbox 1687 2916 1770 2979; x_wconf 86' lang='lat' dir='ltr'><strong>ad</strong></span> <span class='ocrx_word' id='word_1_178' title='bbox 1802 2914 2170 2990; x_wconf 73' lang='lat' dir='ltr'><strong>lubidinem,</strong></span> 
     </span>
    </p>

    <p class='ocr_par' dir='ltr' id='par_1_20' title="bbox 613 3008 2212 3094">
     <span class='ocr_line' id='line_1_31' title="bbox 613 3008 2212 3094; baseline -0.001 -21"><span class='ocrx_word' id='word_1_179' title='bbox 613 3008 883 3094; x_wconf 76' lang='lat' dir='ltr'><strong>Accepit</strong></span> <span class='ocrx_word' id='word_1_180' title='bbox 920 3008 1374 3086; x_wconf 80' lang='lat' dir='ltr'><strong>condicionem,</strong></span> <span class='ocrx_word' id='word_1_181' title='bbox 1413 3009 1560 3074; x_wconf 88' lang='lat' dir='ltr'><strong>dein</strong></span> <span class='ocrx_word' id='word_1_182' title='bbox 1596 3020 1930 3093; x_wconf 77' lang='lat' dir='ltr'><strong>quaestum</strong></span> <span class='ocrx_word' id='word_1_183' title='bbox 1967 3008 2212 3093; x_wconf 76' lang='lat' dir='ltr'><strong>eccipit.</strong></span> 
     </span>
    </p>

    <p class='ocr_par' dir='ltr' id='par_1_21' title="bbox 613 3102 2480 3184">
     <span class='ocr_line' id='line_1_32' title="bbox 613 3102 2480 3184; baseline -0.001 -18"><span class='ocrx_word' id='word_1_184' title='bbox 613 3102 746 3184; x_wconf 83' lang='lat' dir='ltr'><strong>Qui</strong></span> <span class='ocrx_word' id='word_1_185' title='bbox 781 3114 917 3167; x_wconf 82' lang='lat' dir='ltr'><strong>tum</strong></span> <span class='ocrx_word' id='word_1_186' title='bbox 952 3103 1125 3168; x_wconf 84' lang='lat' dir='ltr'><strong>sslam</strong></span> <span class='ocrx_word' id='word_1_187' title='bbox 1162 3103 1480 3180; x_wconf 83' lang='lat' dir='ltr'><strong>amabant,</strong></span> <span class='ocrx_word' id='word_1_188' title='bbox 1516 3104 1699 3181; x_wconf 79' lang='lat' dir='ltr'><strong>forte,</strong></span> <span class='ocrx_word' id='word_1_189' title='bbox 1732 3104 1823 3168; x_wconf 86' lang='lat' dir='ltr'><strong>ita</strong></span> <span class='ocrx_word' id='word_1_190' title='bbox 1856 3114 1928 3166; x_wconf 90' lang='lat' dir='ltr'><strong>ut</strong></span> <span class='ocrx_word' id='word_1_191' title='bbox 1960 3103 2050 3178; x_wconf 87' lang='lat' dir='ltr'><strong>fit,</strong></span> <span class='ocrx_word' id='word_1_192' title='bbox 2087 3102 2291 3166; x_wconf 88' lang='lat' dir='ltr'><strong>fssium</strong></span> <span class='ocrx_word' id='word_1_193' title='bbox 2409 3129 2480 3183; x_wconf 75' lang='lat'><strong>80</strong></span> 
     </span>
    </p>
   </div>
   <div class='ocr_carea' id='block_1_15' title="bbox 566 3195 2197 3273">
    <p class='ocr_par' dir='ltr' id='par_1_22' title="bbox 566 3195 2197 3273">
     <span class='ocr_line' id='line_1_33' title="bbox 566 3195 2197 3273; baseline -0.001 -13"><span class='ocrx_word' id='word_1_194' title='bbox 566 3221 589 3240; x_wconf 50' lang='grc' dir='ltr'><em>ν</em></span> <span class='ocrx_word' id='word_1_195' title='bbox 612 3195 980 3261; x_wconf 73' lang='lat' dir='ltr'><strong>Perduxere</strong></span> <span class='ocrx_word' id='word_1_196' title='bbox 1014 3196 1185 3273; x_wconf 88' lang='lat' dir='ltr'><strong>illuc,</strong></span> <span class='ocrx_word' id='word_1_197' title='bbox 1222 3199 1440 3262; x_wconf 82' lang='lat' dir='ltr'><strong>secum</strong></span> <span class='ocrx_word' id='word_1_198' title='bbox 1474 3208 1545 3262; x_wconf 91' lang='lat' dir='ltr'><strong>ut</strong></span> <span class='ocrx_word' id='word_1_199' title='bbox 1578 3221 1707 3262; x_wconf 83' lang='lat' dir='ltr'><strong>una</strong></span> <span class='ocrx_word' id='word_1_200' title='bbox 1742 3199 1928 3273; x_wconf 80' lang='lat' dir='ltr'><strong>esset,</strong></span> <span class='ocrx_word' id='word_1_201' title='bbox 1964 3219 2197 3262; x_wconf 89' lang='lat' dir='ltr'><strong>meum.</strong></span> 
     </span>
    </p>
   </div>
   <div class='ocr_carea' id='block_1_16' title="bbox 613 3289 2481 4203">
    <p class='ocr_par' dir='ltr' id='par_1_23' title="bbox 613 3289 2164 3378">
     <span class='ocr_line' id='line_1_34' title="bbox 613 3289 2164 3378; baseline 0.002 -25"><span class='ocrx_word' id='word_1_202' title='bbox 613 3289 891 3378; x_wconf 79' lang='lat' dir='ltr'><strong>Egomet</strong></span> <span class='ocrx_word' id='word_1_203' title='bbox 926 3290 1224 3355; x_wconf 87' lang='lat' dir='ltr'><strong>continuo</strong></span> <span class='ocrx_word' id='word_1_204' title='bbox 1260 3294 1512 3357; x_wconf 88' lang='lat' dir='ltr'><strong>mecum</strong></span> <span class='ocrx_word' id='word_1_205' title='bbox 1549 3299 1747 3358; x_wconf 86' lang='lat' dir='ltr'><strong>‘certe</strong></span> <span class='ocrx_word' id='word_1_206' title='bbox 1783 3292 2004 3377; x_wconf 68' lang='lat' dir='ltr'><strong>ceptus</strong></span> <span class='ocrx_word' id='word_1_207' title='bbox 2040 3301 2164 3356; x_wconf 84' lang='lat' dir='ltr'><strong>est:</strong></span> 
     </span>
    </p>

    <p class='ocr_par' dir='ltr' id='par_1_24' title="bbox 614 3384 2180 3451">
     <span class='ocr_line' id='line_1_35' title="bbox 614 3384 2180 3451; baseline 0.001 -3"><span class='ocrx_word' id='word_1_208' title='bbox 614 3384 871 3451; x_wconf 88' lang='lat' dir='ltr'><strong>Habet.&#39;</strong></span> <span class='ocrx_word' id='word_1_209' title='bbox 942 3386 1362 3451; x_wconf 80' lang='lat' dir='ltr'><strong>obseruabam</strong></span> <span class='ocrx_word' id='word_1_210' title='bbox 1395 3387 1581 3451; x_wconf 70' lang='lat' dir='ltr'><strong>mene</strong></span> <span class='ocrx_word' id='word_1_211' title='bbox 1616 3386 1864 3450; x_wconf 87' lang='lat' dir='ltr'><strong>illorum</strong></span> <span class='ocrx_word' id='word_1_212' title='bbox 1901 3387 2180 3451; x_wconf 80' lang='lat' dir='ltr'><strong>seruolos</strong></span> 
     </span>
    </p>

    <p class='ocr_par' dir='ltr' id='par_1_25' title="bbox 615 3479 2273 3566">
     <span class='ocr_line' id='line_1_36' title="bbox 615 3479 2273 3566; baseline -0.002 -20"><span class='ocrx_word' id='word_1_213' title='bbox 615 3479 945 3546; x_wconf 82' lang='lat' dir='ltr'><strong>Venientis</strong></span> <span class='ocrx_word' id='word_1_214' title='bbox 981 3492 1090 3545; x_wconf 85' lang='lat' dir='ltr'><strong>aut</strong></span> <span class='ocrx_word' id='word_1_215' title='bbox 1126 3480 1448 3545; x_wconf 69' lang='lat' dir='ltr'><strong>abeuntis:</strong></span> <span class='ocrx_word' id='word_1_216' title='bbox 1486 3480 1839 3565; x_wconf 83' lang='lat' dir='ltr'><strong>rogitabam</strong></span> <span class='ocrx_word' id='word_1_217' title='bbox 1876 3480 2062 3545; x_wconf 73' lang='lat' dir='ltr'><strong>‘heus</strong></span> <span class='ocrx_word' id='word_1_218' title='bbox 2096 3503 2273 3566; x_wconf 85' lang='lat' dir='ltr'><strong>puer,</strong></span> 
     </span>
    </p>

    <p class='ocr_par' dir='ltr' id='par_1_26' title="bbox 616 3571 2481 3732">
     <span class='ocr_line' id='line_1_37' title="bbox 616 3571 2481 3732; baseline 0.001 -96"><span class='ocrx_word' id='word_1_219' title='bbox 616 3571 742 3639; x_wconf 89' lang='lat' dir='ltr'><strong>Dic</strong></span> <span class='ocrx_word' id='word_1_220' title='bbox 793 3575 1007 3653; x_wconf 69' lang='lat' dir='ltr'><strong>sedeo,</strong></span> <span class='ocrx_word' id='word_1_221' title='bbox 1066 3575 1207 3659; x_wconf 82' lang='lat' dir='ltr'><strong>quis</strong></span> <span class='ocrx_word' id='word_1_222' title='bbox 1264 3575 1400 3732; x_wconf 58' lang='lat' dir='ltr'><strong>thi</strong></span> <span class='ocrx_word' id='word_1_223' title='bbox 1453 3572 1833 3659; x_wconf 73' lang='lat' dir='ltr'><strong>Chrysidem</strong></span> <span class='ocrx_word' id='word_1_224' title='bbox 1885 3574 2167 3639; x_wconf 81' lang='lat' dir='ltr'><strong>habuit?&#39;</strong></span> <span class='ocrx_word' id='word_1_225' title='bbox 2230 3597 2379 3638; x_wconf 87' lang='lat' dir='ltr'><strong>nam</strong></span> <span class='ocrx_word' id='word_1_226' title='bbox 2412 3592 2481 3646; x_wconf 85' lang='lat'><strong>85</strong></span> 
     </span>
    </p>

    <p class='ocr_par' dir='ltr' id='par_1_27' title="bbox 1365 3667 1583 3732">
     <span class='ocr_line' id='line_1_38' title="bbox 1365 3667 1583 3732; baseline 0.005 -1"><span class='ocrx_word' id='word_1_227' title='bbox 1365 3667 1583 3732; x_wconf 86' lang='lat' dir='ltr'><strong>ndriae</strong></span> 
     </span>
    </p>

    <p class='ocr_par' dir='ltr' id='par_1_28' title="bbox 617 3758 2379 3921">
     <span class='ocr_line' id='line_1_39' title="bbox 617 3758 2379 3829; baseline 0.002 -5"><span class='ocrx_word' id='word_1_228' title='bbox 617 3758 719 3824; x_wconf 90' lang='lat' dir='ltr'><strong>Illi</strong></span> <span class='ocrx_word' id='word_1_229' title='bbox 753 3760 821 3825; x_wconf 73' lang='lat' dir='ltr'><strong>id</strong></span> <span class='ocrx_word' id='word_1_230' title='bbox 856 3772 990 3825; x_wconf 84' lang='lat' dir='ltr'><strong>erat</strong></span> <span class='ocrx_word' id='word_1_231' title='bbox 1034 3783 1285 3827; x_wconf 90' lang='lat' dir='ltr'><strong>nomen.</strong></span> <span class='ocrx_word' id='word_1_232' title='bbox 1361 3761 1472 3828; x_wconf 77' lang='lat' dir='ltr'><strong>So,</strong></span> <span class='ocrx_word' id='word_1_233' title='bbox 1544 3761 1782 3828; x_wconf 87' lang='lat' dir='ltr'><strong>Teneo.</strong></span> <span class='ocrx_word' id='word_1_234' title='bbox 1855 3761 1945 3829; x_wconf 90' lang='lat' dir='ltr'><strong>S1.</strong></span> <span class='ocrx_word' id='word_1_235' title='bbox 2012 3761 2379 3828; x_wconf 85' lang='lat' dir='ltr'><strong>Phaedrum</strong></span> 
     </span>
     <span class='ocr_line' id='line_1_40' title="bbox 1295 3853 1719 3921; baseline 0 -1"><span class='ocrx_word' id='word_1_236' title='bbox 1295 3868 1407 3920; x_wconf 86' lang='lat' dir='ltr'><strong>aut</strong></span> <span class='ocrx_word' id='word_1_237' title='bbox 1443 3853 1719 3921; x_wconf 70' lang='lat' dir='ltr'><strong>Cliniam</strong></span> 
     </span>
    </p>

    <p class='ocr_par' dir='ltr' id='par_1_29' title="bbox 619 3946 2354 4027">
     <span class='ocr_line' id='line_1_41' title="bbox 619 3946 2354 4027; baseline 0.003 -16"><span class='ocrx_word' id='word_1_238' title='bbox 619 3946 937 4013; x_wconf 76' lang='lat' dir='ltr'><strong>Dicebant</strong></span> <span class='ocrx_word' id='word_1_239' title='bbox 973 3961 1082 4015; x_wconf 85' lang='lat' dir='ltr'><strong>aut</strong></span> <span class='ocrx_word' id='word_1_240' title='bbox 1117 3949 1514 4027; x_wconf 68' lang='lat' dir='ltr'><strong>Niceretum3</strong></span> <span class='ocrx_word' id='word_1_241' title='bbox 1551 3974 1699 4015; x_wconf 86' lang='lat' dir='ltr'><strong>nam</strong></span> <span class='ocrx_word' id='word_1_242' title='bbox 1734 3949 1801 4014; x_wconf 93' lang='lat' dir='ltr'><strong>hi</strong></span> <span class='ocrx_word' id='word_1_243' title='bbox 1835 3960 1962 4016; x_wconf 83' lang='lat' dir='ltr'><strong>tres</strong></span> <span class='ocrx_word' id='word_1_244' title='bbox 1998 3950 2132 4015; x_wconf 73' lang='lat' dir='ltr'><strong>tum</strong></span> <span class='ocrx_word' id='word_1_245' title='bbox 2169 3951 2354 4016; x_wconf 79' lang='lat' dir='ltr'><strong>simul</strong></span> 
     </span>
    </p>

    <p class='ocr_par' dir='ltr' id='par_1_30' title="bbox 623 4043 2379 4203">
     <span class='ocr_line' id='line_1_42' title="bbox 623 4043 2379 4133; baseline 0.003 -27"><span class='ocrx_word' id='word_1_246' title='bbox 623 4043 963 4108; x_wconf 53' lang='lat' dir='ltr'><strong>Amabant.</strong></span> <span class='ocrx_word' id='word_1_247' title='bbox 1035 4044 1205 4122; x_wconf 87' lang='lat' dir='ltr'><strong>‘eho,</strong></span> <span class='ocrx_word' id='word_1_248' title='bbox 1242 4045 1396 4128; x_wconf 90' lang='lat' dir='ltr'><strong>quid</strong></span> <span class='ocrx_word' id='word_1_249' title='bbox 1441 4045 1878 4131; x_wconf 51' lang='lat' dir='ltr'><strong>Pamphilus?</strong></span> <span class='ocrx_word' id='word_1_250' title='bbox 1926 4045 2168 4130; x_wconf 86' lang='lat' dir='ltr'><strong>“quid?</strong></span> <span class='ocrx_word' id='word_1_251' title='bbox 2210 4052 2379 4133; x_wconf 73' lang='lat' dir='ltr'><strong>sym·</strong></span> 
     </span>
     <span class='ocr_line' id='line_1_43' title="bbox 1299 4138 1508 4203; baseline 0.01 -2"><span class='ocrx_word' id='word_1_252' title='bbox 1299 4138 1508 4203; x_wconf 82' lang='lat' dir='ltr'><strong>bolam</strong></span> 
     </span>
    </p>
   </div>
  </div>
 </body>
</html>
