<?xml version="1.0" encoding="UTF-8"?>
<!DOCTYPE html PUBLIC "-//W3C//DTD XHTML 1.0 Transitional//EN"
    "http://www.w3.org/TR/xhtml1/DTD/xhtml1-transitional.dtd">
<html xmlns="http://www.w3.org/1999/xhtml" xml:lang="en" lang="en">
 <head>
  <title>
</title>
<meta http-equiv="Content-Type" content="text/html;charset=utf-8" />
  <meta name='ocr-system' content='tesseract 3.04.00' />
  <meta name='ocr-capabilities' content='ocr_page ocr_carea ocr_par ocr_line ocrx_word'/>
</head>
<body>
  <div class='ocr_page' id='page_1' title='image "./pterentiafricom01dziagoog/pterentiafricom01dziagoog_0272.png"; bbox 0 0 2792 4617; ppageno 0'>
   <div class='ocr_carea' id='block_1_1' title="bbox 2457 13 2785 274">
    <p class='ocr_par' dir='ltr' id='par_1_1' title="bbox 2389 13 2785 274">
     <span class='ocr_line' id='line_1_1' title="bbox 2457 13 2785 274; baseline 0 0"><span class='ocrx_word' id='word_1_1' title='bbox 2457 13 2785 274; x_wconf 63' lang='lat' dir='ltr'><strong>‘F</strong></span> 
     </span>
    </p>
   </div>
   <div class='ocr_carea' id='block_1_2' title="bbox 504 320 2549 412">
    <p class='ocr_par' dir='ltr' id='par_1_2' title="bbox 504 320 2549 412">
     <span class='ocr_line' id='line_1_2' title="bbox 504 320 2549 412; baseline 0.002 -20"><span class='ocrx_word' id='word_1_2' title='bbox 504 328 633 394; x_wconf 78' lang='lat'><strong>202</strong></span> <span class='ocrx_word' id='word_1_3' title='bbox 1313 338 1625 395; x_wconf 82' lang='lat' dir='ltr'><strong>HECYRA</strong></span> <span class='ocrx_word' id='word_1_4' title='bbox 1696 320 1700 325; x_wconf 83' lang='grc'><strong>’</strong></span> <span class='ocrx_word' id='word_1_5' title='bbox 2432 343 2481 412; x_wconf 92' lang='lat'><strong>1,</strong></span> <span class='ocrx_word' id='word_1_6' title='bbox 2507 343 2549 395; x_wconf 79' lang='lat'>2</span> 
     </span>
    </p>
   </div>
   <div class='ocr_carea' id='block_1_3' title="bbox 8 460 2768 4216">
    <p class='ocr_par' dir='ltr' id='par_1_3' title="bbox 8 460 2768 4216">
     <span class='ocr_line' id='line_1_3' title="bbox 369 460 2518 550; baseline 0.003 -26"><span class='ocrx_word' id='word_1_7' title='bbox 369 470 469 526; x_wconf 88' lang='lat'><strong>155</strong></span> <span class='ocrx_word' id='word_1_8' title='bbox 673 462 1116 549; x_wconf 74' lang='lat' dir='ltr'><strong>Superbumst.</strong></span> <span class='ocrx_word' id='word_1_9' title='bbox 1180 462 1293 527; x_wconf 89' lang='lat' dir='ltr'><strong>sed</strong></span> <span class='ocrx_word' id='word_1_10' title='bbox 1326 463 1502 528; x_wconf 89' lang='lat' dir='ltr'><strong>illam</strong></span> <span class='ocrx_word' id='word_1_11' title='bbox 1531 466 1737 549; x_wconf 75' lang='lat' dir='ltr'><strong>spero,</strong></span> <span class='ocrx_word' id='word_1_12' title='bbox 1772 463 1884 528; x_wconf 92' lang='lat' dir='ltr'><strong>ubi</strong></span> <span class='ocrx_word' id='word_1_13' title='bbox 1920 463 2043 529; x_wconf 89' lang='lat' dir='ltr'><strong>hoc</strong></span> <span class='ocrx_word' id='word_1_14' title='bbox 2067 460 2435 550; x_wconf 76' lang='lat' dir='ltr'><strong>cognouerit</strong></span> <span class='ocrx_word' id='word_1_15' title='bbox 2458 483 2518 523; x_wconf 83' lang='lat'><strong>80</strong></span> 
     </span>
     <span class='ocr_line' id='line_1_4' title="bbox 670 555 2319 643; baseline 0 -21"><span class='ocrx_word' id='word_1_16' title='bbox 670 557 734 622; x_wconf 92' lang='lat' dir='ltr'>N</span> <span class='ocrx_word' id='word_1_17' title='bbox 736 580 817 622; x_wconf 93' lang='lat' dir='ltr'><strong>on</strong></span> <span class='ocrx_word' id='word_1_18' title='bbox 851 558 1034 642; x_wconf 79' lang='lat' dir='ltr'><strong>posse</strong></span> <span class='ocrx_word' id='word_1_19' title='bbox 1069 579 1138 622; x_wconf 89' lang='lat' dir='ltr'><strong>se</strong></span> <span class='ocrx_word' id='word_1_20' title='bbox 1172 576 1424 621; x_wconf 83' lang='lat' dir='ltr'><strong>meeum</strong></span> <span class='ocrx_word' id='word_1_21' title='bbox 1459 559 1619 636; x_wconf 76' lang='lat' dir='ltr'><strong>esse,</strong></span> <span class='ocrx_word' id='word_1_22' title='bbox 1656 555 1970 621; x_wconf 89' lang='lat' dir='ltr'><strong>abituram</strong></span> <span class='ocrx_word' id='word_1_23' title='bbox 2006 557 2319 643; x_wconf 65' lang='lat' dir='ltr'><strong>denique?</strong></span> 
     </span>
     <span class='ocr_line' id='line_1_5' title="bbox 501 650 2434 734; baseline 0.001 -17"><span class='ocrx_word' id='word_1_24' title='bbox 501 652 623 718; x_wconf 74' lang='lat' dir='ltr'><strong>Pu.</strong></span> <span class='ocrx_word' id='word_1_25' title='bbox 668 650 883 734; x_wconf 78' lang='lat' dir='ltr'><strong>Quid?</strong></span> <span class='ocrx_word' id='word_1_26' title='bbox 934 652 1177 717; x_wconf 76' lang='lat' dir='ltr'><strong>interea</strong></span> <span class='ocrx_word' id='word_1_27' title='bbox 1224 652 1439 716; x_wconf 85' lang='lat' dir='ltr'>ibatne</span> <span class='ocrx_word' id='word_1_28' title='bbox 1493 652 1575 716; x_wconf 89' lang='lat' dir='ltr'><strong>ad</strong></span> <span class='ocrx_word' id='word_1_29' title='bbox 1618 652 2042 716; x_wconf 69' lang='lat' dir='ltr'><strong>Bacchidem?</strong></span> <span class='ocrx_word' id='word_1_30' title='bbox 2110 652 2230 717; x_wconf 72' lang='grc' dir='ltr'><strong>ΡΑ.</strong></span> <span class='ocrx_word' id='word_1_31' title='bbox 2278 651 2434 719; x_wconf 88' lang='lat' dir='ltr'><strong>Cot-</strong></span> 
     </span>
     <span class='ocr_line' id='line_1_6' title="bbox 1345 746 1518 810; baseline 0.006 -1"><span class='ocrx_word' id='word_1_32' title='bbox 1345 746 1518 810; x_wconf 86' lang='lat' dir='ltr'><strong>tidie.</strong></span> 
     </span>
     <span class='ocr_line' id='line_1_7' title="bbox 672 839 2432 926; baseline -0.001 -19"><span class='ocrx_word' id='word_1_33' title='bbox 672 839 805 907; x_wconf 85' lang='lat' dir='ltr'><strong>Sed</strong></span> <span class='ocrx_word' id='word_1_34' title='bbox 837 842 909 905; x_wconf 77' lang='lat' dir='ltr'><strong>ut</strong></span> <span class='ocrx_word' id='word_1_35' title='bbox 941 841 1031 918; x_wconf 87' lang='lat' dir='ltr'><strong>fit,</strong></span> <span class='ocrx_word' id='word_1_36' title='bbox 1067 851 1402 926; x_wconf 80' lang='lat' dir='ltr'><strong>postquam</strong></span> <span class='ocrx_word' id='word_1_37' title='bbox 1441 840 1608 904; x_wconf 92' lang='lat' dir='ltr'><strong>hunc</strong></span> <span class='ocrx_word' id='word_1_38' title='bbox 1634 841 1911 907; x_wconf 73' lang='lat' dir='ltr'><strong>alienum</strong></span> <span class='ocrx_word' id='word_1_39' title='bbox 1946 841 2027 905; x_wconf 93' lang='lat' dir='ltr'><strong>ab</strong></span> <span class='ocrx_word' id='word_1_40' title='bbox 2063 843 2202 906; x_wconf 79' lang='lat' dir='ltr'><strong>sese</strong></span> <span class='ocrx_word' id='word_1_41' title='bbox 2236 841 2432 920; x_wconf 91' lang='lat' dir='ltr'><strong>uidet,</strong></span> 
     </span>
     <span class='ocr_line' id='line_1_8' title="bbox 666 934 2329 1021; baseline 0 -20"><span class='ocrx_word' id='word_1_42' title='bbox 666 934 960 1021; x_wconf 84' lang='lat' dir='ltr'>Maligna</span> <span class='ocrx_word' id='word_1_43' title='bbox 992 936 1193 999; x_wconf 93' lang='lat' dir='ltr'><strong>multo</strong></span> <span class='ocrx_word' id='word_1_44' title='bbox 1227 946 1292 1000; x_wconf 93' lang='lat' dir='ltr'><strong>et</strong></span> <span class='ocrx_word' id='word_1_45' title='bbox 1324 934 1529 1020; x_wconf 73' lang='lat' dir='ltr'><strong>magis</strong></span> <span class='ocrx_word' id='word_1_46' title='bbox 1565 956 1801 1020; x_wconf 77' lang='lat' dir='ltr'><strong>procax</strong></span> <span class='ocrx_word' id='word_1_47' title='bbox 1833 935 2005 999; x_wconf 84' lang='lat' dir='ltr'><strong>faeta</strong></span> <span class='ocrx_word' id='word_1_48' title='bbox 2036 935 2181 1000; x_wconf 88' lang='lat' dir='ltr'><strong>ilico</strong></span> <span class='ocrx_word' id='word_1_49' title='bbox 2216 948 2329 1001; x_wconf 91' lang='lat' dir='ltr'><strong>est.</strong></span> 
     </span>
     <span class='ocr_line' id='line_1_9' title="bbox 364 1029 2517 1116; baseline 0.002 -26"><span class='ocrx_word' id='word_1_50' title='bbox 364 1036 467 1091; x_wconf 86' lang='grc'><strong>160</strong></span> <span class='ocrx_word' id='word_1_51' title='bbox 500 1029 620 1095; x_wconf 77' lang='lat' dir='ltr'><strong>Pn.</strong></span> <span class='ocrx_word' id='word_1_52' title='bbox 664 1029 811 1095; x_wconf 90' lang='lat' dir='ltr'><strong>Non</strong></span> <span class='ocrx_word' id='word_1_53' title='bbox 863 1029 1088 1116; x_wconf 78' lang='lat' dir='ltr'><strong>edepol</strong></span> <span class='ocrx_word' id='word_1_54' title='bbox 1139 1029 1387 1093; x_wconf 88' lang='lat' dir='ltr'><strong>mirum.</strong></span> <span class='ocrx_word' id='word_1_55' title='bbox 1491 1030 1610 1093; x_wconf 71' lang='grc' dir='ltr'><strong>ΡΑ.</strong></span> <span class='ocrx_word' id='word_1_56' title='bbox 1663 1030 1882 1112; x_wconf 84' lang='lat' dir='ltr'><strong>Atque</strong></span> <span class='ocrx_word' id='word_1_57' title='bbox 1944 1029 2023 1094; x_wconf 76' lang='lat' dir='ltr'><strong>ea</strong></span> <span class='ocrx_word' id='word_1_58' title='bbox 2082 1052 2183 1095; x_wconf 86' lang='lat' dir='ltr'><strong>res</strong></span> <span class='ocrx_word' id='word_1_59' title='bbox 2235 1031 2431 1095; x_wconf 93' lang='lat' dir='ltr'><strong>multo</strong></span> <span class='ocrx_word' id='word_1_60' title='bbox 2457 1046 2517 1087; x_wconf 80' lang='lat'><strong>8⁵</strong></span> 
     </span>
     <span class='ocr_line' id='line_1_10' title="bbox 1345 1125 1643 1188; baseline -0.003 0"><span class='ocrx_word' id='word_1_61' title='bbox 1345 1125 1643 1188; x_wconf 73' lang='lat' dir='ltr'><strong>maxume</strong></span> 
     </span>
     <span class='ocr_line' id='line_1_11' title="bbox 667 1217 2198 1303; baseline 0.001 -20"><span class='ocrx_word' id='word_1_62' title='bbox 667 1218 962 1283; x_wconf 77' lang='lat' dir='ltr'><strong>Diiunxit</strong></span> <span class='ocrx_word' id='word_1_63' title='bbox 994 1218 1173 1282; x_wconf 89' lang='lat' dir='ltr'><strong>illum</strong></span> <span class='ocrx_word' id='word_1_64' title='bbox 1210 1217 1292 1281; x_wconf 91' lang='lat' dir='ltr'><strong>ab</strong></span> <span class='ocrx_word' id='word_1_65' title='bbox 1324 1217 1455 1294; x_wconf 85' lang='lat' dir='ltr'><strong>illa,</strong></span> <span class='ocrx_word' id='word_1_66' title='bbox 1492 1227 1828 1303; x_wconf 81' lang='lat' dir='ltr'>postquam</span> <span class='ocrx_word' id='word_1_67' title='bbox 1862 1228 1926 1283; x_wconf 93' lang='lat' dir='ltr'><strong>et</strong></span> <span class='ocrx_word' id='word_1_68' title='bbox 1958 1217 2094 1302; x_wconf 86' lang='lat' dir='ltr'><strong>ipse</strong></span> <span class='ocrx_word' id='word_1_69' title='bbox 2130 1241 2198 1284; x_wconf 90' lang='lat' dir='ltr'><strong>se</strong></span> 
     </span>
     <span class='ocr_line' id='line_1_12' title="bbox 666 1310 2368 1397; baseline -0.001 -20"><span class='ocrx_word' id='word_1_70' title='bbox 666 1311 756 1377; x_wconf 88' lang='lat' dir='ltr'><strong>Et</strong></span> <span class='ocrx_word' id='word_1_71' title='bbox 787 1313 961 1377; x_wconf 85' lang='lat' dir='ltr'><strong>illam</strong></span> <span class='ocrx_word' id='word_1_72' title='bbox 996 1322 1058 1377; x_wconf 89' lang='lat' dir='ltr'><strong>et</strong></span> <span class='ocrx_word' id='word_1_73' title='bbox 1092 1312 1255 1376; x_wconf 86' lang='lat' dir='ltr'><strong>hane</strong></span> <span class='ocrx_word' id='word_1_74' title='bbox 1291 1333 1454 1396; x_wconf 84' lang='lat' dir='ltr'><strong>quae</strong></span> <span class='ocrx_word' id='word_1_75' title='bbox 1492 1311 1659 1374; x_wconf 79' lang='lat' dir='ltr'><strong>domi</strong></span> <span class='ocrx_word' id='word_1_76' title='bbox 1694 1321 1829 1375; x_wconf 83' lang='lat' dir='ltr'><strong>erat</strong></span> <span class='ocrx_word' id='word_1_77' title='bbox 1864 1314 2163 1397; x_wconf 85' lang='lat' dir='ltr'><strong>cognouit</strong></span> <span class='ocrx_word' id='word_1_78' title='bbox 2199 1310 2368 1376; x_wconf 91' lang='lat' dir='ltr'><strong>satis.</strong></span> 
     </span>
     <span class='ocr_line' id='line_1_13' title="bbox 672 1400 2429 1492; baseline -0.002 -21"><span class='ocrx_word' id='word_1_79' title='bbox 672 1405 809 1492; x_wconf 87' lang='lat' dir='ltr'><strong>[Ad</strong></span> <span class='ocrx_word' id='word_1_80' title='bbox 828 1406 1187 1490; x_wconf 89' lang='lat' dir='ltr'><strong>exemplum</strong></span> <span class='ocrx_word' id='word_1_81' title='bbox 1208 1404 1539 1469; x_wconf 90' lang='lat' dir='ltr'><strong>ambarum</strong></span> <span class='ocrx_word' id='word_1_82' title='bbox 1556 1426 1761 1469; x_wconf 86' lang='lat' dir='ltr'><strong>mores</strong></span> <span class='ocrx_word' id='word_1_83' title='bbox 1780 1427 1996 1470; x_wconf 83' lang='lat' dir='ltr'><strong>earum</strong></span> <span class='ocrx_word' id='word_1_84' title='bbox 2017 1400 2429 1492; x_wconf 66' lang='lat' dir='ltr'><strong>existimans]</strong></span> 
     </span>
     <span class='ocr_line' id='line_1_14' title="bbox 667 1499 2102 1584; baseline -0.001 -19"><span class='ocrx_word' id='word_1_85' title='bbox 667 1501 871 1577; x_wconf 88' lang='lat' dir='ltr'><strong>Haec,</strong></span> <span class='ocrx_word' id='word_1_86' title='bbox 905 1501 995 1564; x_wconf 89' lang='lat' dir='ltr'><strong>ita</strong></span> <span class='ocrx_word' id='word_1_87' title='bbox 1029 1500 1123 1564; x_wconf 93' lang='lat' dir='ltr'><strong>uti</strong></span> <span class='ocrx_word' id='word_1_88' title='bbox 1157 1499 1403 1565; x_wconf 69' lang='lat' dir='ltr'><strong>liberali</strong></span> <span class='ocrx_word' id='word_1_89' title='bbox 1439 1521 1576 1564; x_wconf 93' lang='lat' dir='ltr'><strong>esse</strong></span> <span class='ocrx_word' id='word_1_90' title='bbox 1611 1500 1866 1584; x_wconf 80' lang='lat' dir='ltr'><strong>ingenio</strong></span> <span class='ocrx_word' id='word_1_91' title='bbox 1901 1499 2102 1577; x_wconf 88' lang='lat' dir='ltr'><strong>decet,</strong></span> 
     </span>
     <span class='ocr_line' id='line_1_15' title="bbox 365 1593 2515 1677; baseline -0.001 -22"><span class='ocrx_word' id='word_1_92' title='bbox 365 1601 466 1655; x_wconf 83' lang='lat'><strong>165</strong></span> <span class='ocrx_word' id='word_1_93' title='bbox 666 1594 927 1660; x_wconf 77' lang='lat' dir='ltr'><strong>Pudens</strong></span> <span class='ocrx_word' id='word_1_94' title='bbox 963 1594 1269 1671; x_wconf 89' lang='lat' dir='ltr'><strong>modesta,</strong></span> <span class='ocrx_word' id='word_1_95' title='bbox 1305 1593 1710 1658; x_wconf 80' lang='lat' dir='ltr'><strong>incommoda</strong></span> <span class='ocrx_word' id='word_1_96' title='bbox 1745 1606 1936 1677; x_wconf 91' lang='lat' dir='ltr'><strong>atque</strong></span> <span class='ocrx_word' id='word_1_97' title='bbox 1969 1594 2228 1660; x_wconf 77' lang='lat' dir='ltr'><strong>iniurias</strong></span> <span class='ocrx_word' id='word_1_98' title='bbox 2455 1611 2515 1653; x_wconf 78' lang='lat' dir='ltr'><strong>so</strong></span> 
     </span>
     <span class='ocr_line' id='line_1_16' title="bbox 668 1688 2062 1774; baseline -0.001 -19"><span class='ocrx_word' id='word_1_99' title='bbox 668 1688 810 1756; x_wconf 86' lang='lat' dir='ltr'><strong>Viri</strong></span> <span class='ocrx_word' id='word_1_100' title='bbox 843 1689 1045 1753; x_wconf 79' lang='lat' dir='ltr'><strong>omnis</strong></span> <span class='ocrx_word' id='word_1_101' title='bbox 1080 1688 1245 1752; x_wconf 88' lang='lat' dir='ltr'><strong>ferre</strong></span> <span class='ocrx_word' id='word_1_102' title='bbox 1280 1699 1344 1752; x_wconf 93' lang='lat' dir='ltr'><strong>et</strong></span> <span class='ocrx_word' id='word_1_103' title='bbox 1377 1689 1595 1774; x_wconf 75' lang='lat' dir='ltr'><strong>tegere</strong></span> <span class='ocrx_word' id='word_1_104' title='bbox 1632 1688 2062 1753; x_wconf 79' lang='lat' dir='ltr'><strong>contumelias.</strong></span> 
     </span>
     <span class='ocr_line' id='line_1_17' title="bbox 665 1782 1993 1868; baseline 0 -22"><span class='ocrx_word' id='word_1_105' title='bbox 665 1783 795 1848; x_wconf 88' lang='lat' dir='ltr'><strong>Hic</strong></span> <span class='ocrx_word' id='word_1_106' title='bbox 829 1783 1024 1846; x_wconf 70' lang='lat' dir='ltr'><strong>animi</strong></span> <span class='ocrx_word' id='word_1_107' title='bbox 1057 1782 1283 1868; x_wconf 91' lang='lat' dir='ltr'><strong>partim</strong></span> <span class='ocrx_word' id='word_1_108' title='bbox 1320 1782 1532 1846; x_wconf 79' lang='lat' dir='ltr'><strong>uxoris</strong></span> <span class='ocrx_word' id='word_1_109' title='bbox 1568 1782 1993 1847; x_wconf 79' lang='lat' dir='ltr'><strong>misericordia</strong></span> 
     </span>
     <span class='ocr_line' id='line_1_18' title="bbox 667 1875 2055 1961; baseline 0.001 -21"><span class='ocrx_word' id='word_1_110' title='bbox 667 1876 1048 1954; x_wconf 90' lang='lat' dir='ltr'><strong>Deuinctus,</strong></span> <span class='ocrx_word' id='word_1_111' title='bbox 1084 1876 1313 1961; x_wconf 88' lang='lat' dir='ltr'><strong>partim</strong></span> <span class='ocrx_word' id='word_1_112' title='bbox 1348 1879 1556 1941; x_wconf 83' lang='lat' dir='ltr'><strong>uictus</strong></span> <span class='ocrx_word' id='word_1_113' title='bbox 1591 1876 1779 1941; x_wconf 89' lang='lat' dir='ltr'><strong>huius</strong></span> <span class='ocrx_word' id='word_1_114' title='bbox 1813 1875 2055 1941; x_wconf 74' lang='lat' dir='ltr'><strong>iniuriis</strong></span> 
     </span>
     <span class='ocr_line' id='line_1_19' title="bbox 664 1969 2379 2055; baseline -0.001 -20"><span class='ocrx_word' id='word_1_115' title='bbox 664 1969 986 2036; x_wconf 73' lang='lat' dir='ltr'><strong>Paulatim</strong></span> <span class='ocrx_word' id='word_1_116' title='bbox 1022 1970 1301 2055; x_wconf 88' lang='lat' dir='ltr'><strong>elapsust</strong></span> <span class='ocrx_word' id='word_1_117' title='bbox 1335 1969 1642 2035; x_wconf 73' lang='lat' dir='ltr'><strong>Bacchidi</strong></span> <span class='ocrx_word' id='word_1_118' title='bbox 1678 1981 1869 2054; x_wconf 87' lang='lat' dir='ltr'><strong>atque</strong></span> <span class='ocrx_word' id='word_1_119' title='bbox 1904 1970 2029 2035; x_wconf 85' lang='lat' dir='ltr'><strong>hue</strong></span> <span class='ocrx_word' id='word_1_120' title='bbox 2063 1969 2379 2034; x_wconf 74' lang='lat' dir='ltr'><strong>transtulit</strong></span> 
     </span>
     <span class='ocr_line' id='line_1_20' title="bbox 362 2064 2511 2151; baseline -0.001 -25"><span class='ocrx_word' id='word_1_121' title='bbox 362 2071 466 2126; x_wconf 84' lang='grc'><strong>170</strong></span> <span class='ocrx_word' id='word_1_122' title='bbox 668 2065 992 2142; x_wconf 80' lang='lat' dir='ltr'><strong>Amorem,</strong></span> <span class='ocrx_word' id='word_1_123' title='bbox 1027 2075 1363 2150; x_wconf 82' lang='lat' dir='ltr'><strong>postquam</strong></span> <span class='ocrx_word' id='word_1_124' title='bbox 1400 2067 1514 2150; x_wconf 74' lang='lat' dir='ltr'><strong>par</strong></span> <span class='ocrx_word' id='word_1_125' title='bbox 1548 2064 1875 2151; x_wconf 81' lang='lat' dir='ltr'>ingenium</span> <span class='ocrx_word' id='word_1_126' title='bbox 1909 2067 2132 2130; x_wconf 74' lang='lat' dir='ltr'><strong>nactus</strong></span> <span class='ocrx_word' id='word_1_127' title='bbox 2166 2079 2281 2129; x_wconf 90' lang='lat' dir='ltr'><strong>est.</strong></span> <span class='ocrx_word' id='word_1_128' title='bbox 2455 2081 2511 2124; x_wconf 72' lang='lat' dir='ltr'><strong>ss</strong></span> 
     </span>
     <span class='ocr_line' id='line_1_21' title="bbox 666 2158 2142 2244; baseline -0.001 -19"><span class='ocrx_word' id='word_1_129' title='bbox 666 2159 921 2225; x_wconf 78' lang='lat' dir='ltr'><strong>Interea</strong></span> <span class='ocrx_word' id='word_1_130' title='bbox 953 2159 1022 2222; x_wconf 91' lang='lat' dir='ltr'><strong>in</strong></span> <span class='ocrx_word' id='word_1_131' title='bbox 1059 2159 1275 2223; x_wconf 86' lang='lat' dir='ltr'>Imbro</span> <span class='ocrx_word' id='word_1_132' title='bbox 1310 2158 1571 2222; x_wconf 78' lang='lat' dir='ltr'><strong>moritur</strong></span> <span class='ocrx_word' id='word_1_133' title='bbox 1607 2160 1913 2244; x_wconf 74' lang='lat' dir='ltr'><strong>cognatus</strong></span> <span class='ocrx_word' id='word_1_134' title='bbox 1948 2180 2142 2223; x_wconf 80' lang='lat' dir='ltr'><strong>senex</strong></span> 
     </span>
     <span class='ocr_line' id='line_1_22' title="bbox 666 2251 2175 2339; baseline -0.001 -21"><span class='ocrx_word' id='word_1_135' title='bbox 666 2255 962 2318; x_wconf 77' lang='lat' dir='ltr'><strong>Horunc:</strong></span> <span class='ocrx_word' id='word_1_136' title='bbox 1008 2275 1085 2318; x_wconf 89' lang='lat' dir='ltr'><strong>ea</strong></span> <span class='ocrx_word' id='word_1_137' title='bbox 1119 2253 1201 2317; x_wconf 91' lang='lat' dir='ltr'><strong>ad</strong></span> <span class='ocrx_word' id='word_1_138' title='bbox 1236 2252 1351 2316; x_wconf 89' lang='lat' dir='ltr'><strong>hos</strong></span> <span class='ocrx_word' id='word_1_139' title='bbox 1387 2252 1633 2317; x_wconf 76' lang='lat' dir='ltr'><strong>redibat</strong></span> <span class='ocrx_word' id='word_1_140' title='bbox 1666 2253 1809 2339; x_wconf 85' lang='lat' dir='ltr'><strong>lege</strong></span> <span class='ocrx_word' id='word_1_141' title='bbox 1843 2251 2175 2317; x_wconf 80' lang='lat' dir='ltr'><strong>hereditas.</strong></span> 
     </span>
     <span class='ocr_line' id='line_1_23' title="bbox 666 2346 2416 2432; baseline 0 -19"><span class='ocrx_word' id='word_1_142' title='bbox 666 2347 768 2413; x_wconf 86' lang='lat' dir='ltr'><strong>Eo</strong></span> <span class='ocrx_word' id='word_1_143' title='bbox 805 2349 1121 2413; x_wconf 71' lang='lat' dir='ltr'><strong>amantem</strong></span> <span class='ocrx_word' id='word_1_144' title='bbox 1156 2347 1428 2412; x_wconf 89' lang='lat' dir='ltr'><strong>inuitum</strong></span> <span class='ocrx_word' id='word_1_145' title='bbox 1462 2346 1868 2432; x_wconf 74' lang='lat' dir='ltr'><strong>Pamphilum</strong></span> <span class='ocrx_word' id='word_1_146' title='bbox 1907 2348 2184 2412; x_wconf 82' lang='lat' dir='ltr'><strong>extrudit</strong></span> <span class='ocrx_word' id='word_1_147' title='bbox 2217 2357 2416 2432; x_wconf 86' lang='lat' dir='ltr'><strong>pater.</strong></span> 
     </span>
     <span class='ocr_line' id='line_1_24' title="bbox 665 2440 2288 2526; baseline -0.002 -19"><span class='ocrx_word' id='word_1_148' title='bbox 665 2442 990 2526; x_wconf 80' lang='lat' dir='ltr'><strong>Relinquit</strong></span> <span class='ocrx_word' id='word_1_149' title='bbox 1028 2464 1172 2506; x_wconf 90' lang='lat' dir='ltr'><strong>cum</strong></span> <span class='ocrx_word' id='word_1_150' title='bbox 1208 2451 1409 2505; x_wconf 85' lang='lat' dir='ltr'><strong>matre</strong></span> <span class='ocrx_word' id='word_1_151' title='bbox 1443 2440 1546 2504; x_wconf 87' lang='lat' dir='ltr'><strong>hic</strong></span> <span class='ocrx_word' id='word_1_152' title='bbox 1581 2461 1874 2517; x_wconf 82' lang='lat' dir='ltr'><strong>uxorem3</strong></span> <span class='ocrx_word' id='word_1_153' title='bbox 1910 2443 2058 2504; x_wconf 74' lang='lat' dir='ltr'><strong>nam</strong></span> <span class='ocrx_word' id='word_1_154' title='bbox 2095 2463 2288 2505; x_wconf 82' lang='lat' dir='ltr'><strong>senex</strong></span> 
     </span>
     <span class='ocr_line' id='line_1_25' title="bbox 362 2534 2536 2613; baseline -0.001 -17"><span class='ocrx_word' id='word_1_155' title='bbox 362 2541 464 2596; x_wconf 81' lang='lat'><strong>175</strong></span> <span class='ocrx_word' id='word_1_156' title='bbox 664 2537 804 2602; x_wconf 86' lang='lat' dir='ltr'><strong>Rus</strong></span> <span class='ocrx_word' id='word_1_157' title='bbox 839 2536 1084 2601; x_wconf 73' lang='lat' dir='ltr'><strong>abdidit</strong></span> <span class='ocrx_word' id='word_1_158' title='bbox 1116 2558 1203 2613; x_wconf 87' lang='lat' dir='ltr'><strong>se,</strong></span> <span class='ocrx_word' id='word_1_159' title='bbox 1239 2534 1365 2600; x_wconf 88' lang='lat' dir='ltr'><strong>huc</strong></span> <span class='ocrx_word' id='word_1_160' title='bbox 1400 2537 1542 2599; x_wconf 71' lang='lat' dir='ltr'><strong>raro</strong></span> <span class='ocrx_word' id='word_1_161' title='bbox 1576 2535 1644 2599; x_wconf 92' lang='lat' dir='ltr'><strong>in</strong></span> <span class='ocrx_word' id='word_1_162' title='bbox 1678 2535 1900 2600; x_wconf 92' lang='lat' dir='ltr'><strong>urbem</strong></span> <span class='ocrx_word' id='word_1_163' title='bbox 1937 2535 2262 2600; x_wconf 80' lang='lat' dir='ltr'><strong>commeat.</strong></span> <span class='ocrx_word' id='word_1_164' title='bbox 2457 2554 2536 2595; x_wconf 86' lang='lat'><strong>100</strong></span> 
     </span>
     <span class='ocr_line' id='line_1_26' title="bbox 495 2628 2101 2714; baseline -0.002 -19"><span class='ocrx_word' id='word_1_165' title='bbox 495 2630 617 2697; x_wconf 75' lang='grc' dir='ltr'><strong>ΡΗ.</strong></span> <span class='ocrx_word' id='word_1_166' title='bbox 663 2630 843 2713; x_wconf 82' lang='lat' dir='ltr'><strong>Quid</strong></span> <span class='ocrx_word' id='word_1_167' title='bbox 877 2629 1084 2695; x_wconf 73' lang='lat' dir='ltr'><strong>adhuc</strong></span> <span class='ocrx_word' id='word_1_168' title='bbox 1118 2628 1357 2694; x_wconf 88' lang='lat' dir='ltr'><strong>habent</strong></span> <span class='ocrx_word' id='word_1_169' title='bbox 1390 2629 1772 2694; x_wconf 82' lang='lat' dir='ltr'><strong>infirmitatis</strong></span> <span class='ocrx_word' id='word_1_170' title='bbox 1807 2629 2101 2714; x_wconf 78' lang='lat' dir='ltr'><strong>nuptiae?</strong></span> 
     </span>
     <span class='ocr_line' id='line_1_27' title="bbox 495 2723 2105 2810; baseline -0.001 -21"><span class='ocrx_word' id='word_1_171' title='bbox 495 2724 617 2791; x_wconf 73' lang='grc' dir='ltr'><strong>ΡΑ.</strong></span> <span class='ocrx_word' id='word_1_172' title='bbox 668 2724 859 2790; x_wconf 90' lang='lat' dir='ltr'><strong>Nunc</strong></span> <span class='ocrx_word' id='word_1_173' title='bbox 895 2724 1134 2789; x_wconf 78' lang='lat' dir='ltr'><strong>audies.</strong></span> <span class='ocrx_word' id='word_1_174' title='bbox 1203 2723 1437 2810; x_wconf 80' lang='lat' dir='ltr'><strong>primos</strong></span> <span class='ocrx_word' id='word_1_175' title='bbox 1476 2723 1609 2788; x_wconf 92' lang='lat' dir='ltr'><strong>dies</strong></span> <span class='ocrx_word' id='word_1_176' title='bbox 1646 2724 2105 2808; x_wconf 77' lang='lat' dir='ltr'><strong>complusculos</strong></span> 
     </span>
     <span class='ocr_line' id='line_1_28' title="bbox 663 2818 2126 2884; baseline -0.001 -1"><span class='ocrx_word' id='word_1_177' title='bbox 663 2819 840 2884; x_wconf 92' lang='lat' dir='ltr'><strong>Bene</strong></span> <span class='ocrx_word' id='word_1_178' title='bbox 876 2818 1258 2883; x_wconf 77' lang='lat' dir='ltr'><strong>conuenibat</strong></span> <span class='ocrx_word' id='word_1_179' title='bbox 1291 2821 1445 2882; x_wconf 73' lang='lat' dir='ltr'><strong>sane</strong></span> <span class='ocrx_word' id='word_1_180' title='bbox 1479 2818 1643 2883; x_wconf 89' lang='lat' dir='ltr'><strong>inter</strong></span> <span class='ocrx_word' id='word_1_181' title='bbox 1677 2841 1803 2882; x_wconf 91' lang='lat' dir='ltr'><strong>eas.</strong></span> <span class='ocrx_word' id='word_1_182' title='bbox 1873 2818 2126 2883; x_wconf 84' lang='lat' dir='ltr'><strong>interim</strong></span> 
     </span>
     <span class='ocr_line' id='line_1_29' title="bbox 664 2910 1989 2997; baseline -0.001 -20"><span class='ocrx_word' id='word_1_183' title='bbox 664 2913 849 2977; x_wconf 90' lang='lat' dir='ltr'><strong>Miris</strong></span> <span class='ocrx_word' id='word_1_184' title='bbox 884 2912 1087 2977; x_wconf 90' lang='lat' dir='ltr'><strong>modis</strong></span> <span class='ocrx_word' id='word_1_185' title='bbox 1123 2912 1329 2977; x_wconf 87' lang='lat' dir='ltr'><strong>odisse</strong></span> <span class='ocrx_word' id='word_1_186' title='bbox 1365 2912 1572 2997; x_wconf 84' lang='lat' dir='ltr'><strong>coepit</strong></span> <span class='ocrx_word' id='word_1_187' title='bbox 1607 2910 1989 2978; x_wconf 83' lang='lat' dir='ltr'><strong>Sostratam:</strong></span> 
     </span>
     <span class='ocr_line' id='line_1_30' title="bbox 361 3006 2535 3091; baseline -0.002 -20"><span class='ocrx_word' id='word_1_188' title='bbox 361 3011 463 3066; x_wconf 88' lang='grc'><strong>180</strong></span> <span class='ocrx_word' id='word_1_189' title='bbox 661 3006 889 3090; x_wconf 88' lang='lat' dir='ltr'><strong>Neque</strong></span> <span class='ocrx_word' id='word_1_190' title='bbox 923 3007 1066 3073; x_wconf 90' lang='lat' dir='ltr'><strong>lites</strong></span> <span class='ocrx_word' id='word_1_191' title='bbox 1099 3008 1268 3072; x_wconf 91' lang='lat' dir='ltr'><strong>ullae</strong></span> <span class='ocrx_word' id='word_1_192' title='bbox 1300 3007 1465 3071; x_wconf 78' lang='lat' dir='ltr'><strong>inter</strong></span> <span class='ocrx_word' id='word_1_193' title='bbox 1500 3028 1628 3083; x_wconf 87' lang='lat' dir='ltr'><strong>eas,</strong></span> <span class='ocrx_word' id='word_1_194' title='bbox 1665 3006 2005 3091; x_wconf 71' lang='lat' dir='ltr'><strong>postulatio</strong></span> <span class='ocrx_word' id='word_1_195' title='bbox 2454 3023 2535 3068; x_wconf 78' lang='lat'><strong>105</strong></span> 
     </span>
     <span class='ocr_line' id='line_1_31' title="bbox 661 3098 2428 3186; baseline 0 -20"><span class='ocrx_word' id='word_1_196' title='bbox 661 3100 1050 3185; x_wconf 75' lang='lat' dir='ltr'><strong>Numquam.</strong></span> <span class='ocrx_word' id='word_1_197' title='bbox 1125 3101 1246 3166; x_wconf 69' lang='lat' dir='ltr'><strong>PH.</strong></span> <span class='ocrx_word' id='word_1_198' title='bbox 1283 3098 1463 3182; x_wconf 82' lang='lat' dir='ltr'><strong>Quid</strong></span> <span class='ocrx_word' id='word_1_199' title='bbox 1494 3100 1724 3186; x_wconf 82' lang='lat' dir='ltr'><strong>igitur?</strong></span> <span class='ocrx_word' id='word_1_200' title='bbox 1790 3100 1910 3165; x_wconf 72' lang='grc' dir='ltr'><strong>ΡΑ.</strong></span> <span class='ocrx_word' id='word_1_201' title='bbox 1948 3098 2022 3166; x_wconf 91' lang='lat' dir='ltr'><strong>Si</strong></span> <span class='ocrx_word' id='word_1_202' title='bbox 2055 3100 2312 3184; x_wconf 84' lang='lat' dir='ltr'><strong>quando</strong></span> <span class='ocrx_word' id='word_1_203' title='bbox 2344 3099 2428 3166; x_wconf 92' lang='lat' dir='ltr'><strong>ad</strong></span> 
     </span>
     <span class='ocr_line' id='line_1_32' title="bbox 8 3195 1864 3287; baseline -0.001 -27"><span class='ocrx_word' id='word_1_204' title='bbox 8 3226 27 3287; x_wconf 63' lang='lat'><strong>{2⁴</strong></span> <span class='ocrx_word' id='word_1_205' title='bbox 1339 3217 1482 3260; x_wconf 86' lang='lat' dir='ltr'><strong>eam</strong></span> <span class='ocrx_word' id='word_1_206' title='bbox 1515 3195 1864 3260; x_wconf 77' lang='lat' dir='ltr'><strong>accesserat</strong></span> 
     </span>
     <span class='ocr_line' id='line_1_33' title="bbox 8 3286 2096 3375; baseline -0.001 -21"><span class='ocrx_word' id='word_1_207' title='bbox 8 3290 27 3361; x_wconf 68' lang='grc' dir='ltr'><strong>ξι</strong></span> <span class='ocrx_word' id='word_1_208' title='bbox 663 3286 1183 3366; x_wconf 74' lang='lat' dir='ltr'><strong>Consabulatum,</strong></span> <span class='ocrx_word' id='word_1_209' title='bbox 1224 3288 1448 3375; x_wconf 79' lang='lat' dir='ltr'><strong>fugere</strong></span> <span class='ocrx_word' id='word_1_210' title='bbox 1485 3311 1521 3354; x_wconf 95' lang='lat' dir='ltr'><strong>e</strong></span> <span class='ocrx_word' id='word_1_211' title='bbox 1556 3299 1898 3374; x_wconf 86' lang='lat' dir='ltr'><strong>conspectu</strong></span> <span class='ocrx_word' id='word_1_212' title='bbox 1930 3288 2096 3364; x_wconf 87' lang='lat' dir='ltr'><strong>ilico,</strong></span> 
     </span>
     <span class='ocr_line' id='line_1_34' title="bbox 8 3370 2103 3468; baseline -0.001 -20"><span class='ocrx_word' id='word_1_213' title='bbox 8 3370 27 3423; x_wconf 42' lang='grc' dir='ltr'><strong>’ἶ</strong></span> <span class='ocrx_word' id='word_1_214' title='bbox 660 3382 898 3448; x_wconf 80' lang='lat' dir='ltr'><strong>Videre</strong></span> <span class='ocrx_word' id='word_1_215' title='bbox 932 3383 1130 3447; x_wconf 84' lang='lat' dir='ltr'><strong>nolle:</strong></span> <span class='ocrx_word' id='word_1_216' title='bbox 1168 3383 1441 3467; x_wconf 77' lang='lat' dir='ltr'><strong>denique</strong></span> <span class='ocrx_word' id='word_1_217' title='bbox 1474 3382 1586 3447; x_wconf 92' lang='lat' dir='ltr'><strong>ubi</strong></span> <span class='ocrx_word' id='word_1_218' title='bbox 1620 3404 1747 3446; x_wconf 91' lang='lat' dir='ltr'><strong>non</strong></span> <span class='ocrx_word' id='word_1_219' title='bbox 1783 3384 1917 3466; x_wconf 91' lang='lat' dir='ltr'><strong>quit</strong></span> <span class='ocrx_word' id='word_1_220' title='bbox 1950 3381 2103 3468; x_wconf 83' lang='lat' dir='ltr'><strong>pati,</strong></span> 
     </span>
     <span class='ocr_line' id='line_1_35' title="bbox 662 3475 2423 3557; baseline -0.001 -14"><span class='ocrx_word' id='word_1_221' title='bbox 662 3475 936 3543; x_wconf 68' lang='lat' dir='ltr'><strong>Simulat</strong></span> <span class='ocrx_word' id='word_1_222' title='bbox 986 3499 1054 3542; x_wconf 94' lang='lat' dir='ltr'><strong>se</strong></span> <span class='ocrx_word' id='word_1_223' title='bbox 1098 3477 1181 3542; x_wconf 88' lang='lat' dir='ltr'><strong>ad</strong></span> <span class='ocrx_word' id='word_1_224' title='bbox 1223 3487 1490 3542; x_wconf 92' lang='lat' dir='ltr'><strong>matrem</strong></span> <span class='ocrx_word' id='word_1_225' title='bbox 1534 3476 1771 3541; x_wconf 78' lang='lat' dir='ltr'><strong>accersi</strong></span> <span class='ocrx_word' id='word_1_226' title='bbox 1815 3476 1895 3540; x_wconf 88' lang='lat' dir='ltr'><strong>ad</strong></span> <span class='ocrx_word' id='word_1_227' title='bbox 1947 3498 2081 3541; x_wconf 86' lang='lat' dir='ltr'><strong>rem</strong></span> <span class='ocrx_word' id='word_1_228' title='bbox 2124 3475 2423 3557; x_wconf 74' lang='lat' dir='ltr'><strong>diuInam,</strong></span> 
     </span>
     <span class='ocr_line' id='line_1_36' title="bbox 1337 3571 1491 3637; baseline 0.013 -2"><span class='ocrx_word' id='word_1_229' title='bbox 1337 3571 1491 3637; x_wconf 84' lang='lat' dir='ltr'><strong>abit.</strong></span> 
     </span>
     <span class='ocr_line' id='line_1_37' title="bbox 356 3663 2533 3749; baseline 0 -23"><span class='ocrx_word' id='word_1_230' title='bbox 356 3669 458 3726; x_wconf 89' lang='lat'><strong>185</strong></span> <span class='ocrx_word' id='word_1_231' title='bbox 659 3664 790 3732; x_wconf 89' lang='lat' dir='ltr'><strong>Vbi</strong></span> <span class='ocrx_word' id='word_1_232' title='bbox 824 3664 954 3730; x_wconf 88' lang='lat' dir='ltr'><strong>illie</strong></span> <span class='ocrx_word' id='word_1_233' title='bbox 990 3664 1124 3729; x_wconf 92' lang='lat' dir='ltr'><strong>dies</strong></span> <span class='ocrx_word' id='word_1_234' title='bbox 1163 3675 1258 3729; x_wconf 91' lang='lat' dir='ltr'><strong>est</strong></span> <span class='ocrx_word' id='word_1_235' title='bbox 1294 3664 1654 3749; x_wconf 76' lang='lat' dir='ltr'><strong>compluris,</strong></span> <span class='ocrx_word' id='word_1_236' title='bbox 1692 3666 1928 3730; x_wconf 81' lang='lat' dir='ltr'><strong>accersi</strong></span> <span class='ocrx_word' id='word_1_237' title='bbox 1961 3663 2166 3729; x_wconf 82' lang='lat' dir='ltr'><strong>iubet:</strong></span> <span class='ocrx_word' id='word_1_238' title='bbox 2451 3684 2533 3726; x_wconf 87' lang='lat' dir='ltr'><strong>uo</strong></span> 
     </span>
     <span class='ocr_line' id='line_1_38' title="bbox 504 3758 2500 3842; baseline 0.001 -18"><span class='ocrx_word' id='word_1_239' title='bbox 504 3758 507 3765; x_wconf 73' lang='grc'><strong>’</strong></span> <span class='ocrx_word' id='word_1_240' title='bbox 655 3758 898 3834; x_wconf 77' lang='lat' dir='ltr'><strong>Dixere</strong></span> <span class='ocrx_word' id='word_1_241' title='bbox 932 3781 1190 3825; x_wconf 86' lang='lat' dir='ltr'><strong>causam</strong></span> <span class='ocrx_word' id='word_1_242' title='bbox 1223 3759 1435 3824; x_wconf 75' lang='lat' dir='ltr'><strong>nescio</strong></span> <span class='ocrx_word' id='word_1_243' title='bbox 1470 3780 1662 3842; x_wconf 90' lang='lat' dir='ltr'><strong>quam</strong></span> <span class='ocrx_word' id='word_1_244' title='bbox 1698 3770 1854 3824; x_wconf 89' lang='lat' dir='ltr'><strong>tum.</strong></span> <span class='ocrx_word' id='word_1_245' title='bbox 1924 3759 2152 3823; x_wconf 75' lang='lat' dir='ltr'><strong>iterum</strong></span> <span class='ocrx_word' id='word_1_246' title='bbox 2184 3758 2393 3826; x_wconf 73' lang='lat' dir='ltr'><strong>iubete</strong></span> <span class='ocrx_word' id='word_1_247' title='bbox 2495 3800 2500 3807; x_wconf 89' lang='lat'><em>-</em></span> 
     </span>
     <span class='ocr_line' id='line_1_39' title="bbox 654 3852 2226 3938; baseline -0.001 -20"><span class='ocrx_word' id='word_1_248' title='bbox 654 3853 861 3919; x_wconf 77' lang='lat' dir='ltr'><strong>Nemo</strong></span> <span class='ocrx_word' id='word_1_249' title='bbox 894 3853 1151 3918; x_wconf 89' lang='lat' dir='ltr'><strong>remisit.</strong></span> <span class='ocrx_word' id='word_1_250' title='bbox 1222 3854 1555 3938; x_wconf 76' lang='lat' dir='ltr'><strong>postquam</strong></span> <span class='ocrx_word' id='word_1_251' title='bbox 1593 3863 1920 3918; x_wconf 80' lang='lat' dir='ltr'><strong>accersunt</strong></span> <span class='ocrx_word' id='word_1_252' title='bbox 1956 3852 2226 3938; x_wconf 78' lang='lat' dir='ltr'><strong>saepius,</strong></span> 
     </span>
     <span class='ocr_line' id='line_1_40' title="bbox 655 3945 2294 4034; baseline 0.001 -24.434"><span class='ocrx_word' id='word_1_253' title='bbox 655 3947 942 4034; x_wconf 86' lang='lat' dir='ltr'><strong>Aegram</strong></span> <span class='ocrx_word' id='word_1_254' title='bbox 976 3949 1118 4013; x_wconf 76' lang='lat' dir='ltr'><strong>esse</strong></span> <span class='ocrx_word' id='word_1_255' title='bbox 1153 3947 1452 4012; x_wconf 88' lang='lat' dir='ltr'><strong>simulant</strong></span> <span class='ocrx_word' id='word_1_256' title='bbox 1483 3947 1833 4013; x_wconf 75' lang='lat' dir='ltr'><strong>mulierem.</strong></span> <span class='ocrx_word' id='word_1_257' title='bbox 1902 3957 2117 4012; x_wconf 87' lang='lat' dir='ltr'><strong>nostra</strong></span> <span class='ocrx_word' id='word_1_258' title='bbox 2147 3945 2294 4011; x_wconf 90' lang='lat' dir='ltr'><strong>ilico</strong></span> 
     </span>
     <span class='ocr_line' id='line_1_41' title="bbox 8 4036 2395 4121; baseline 0 -15"><span class='ocrx_word' id='word_1_259' title='bbox 8 4036 47 4121; x_wconf 44' lang='grc' dir='ltr'><strong>’ἦ</strong></span> <span class='ocrx_word' id='word_1_260' title='bbox 654 4041 716 4106; x_wconf 95' lang='lat' dir='ltr'><strong>It</strong></span> <span class='ocrx_word' id='word_1_261' title='bbox 751 4045 957 4107; x_wconf 90' lang='lat' dir='ltr'><strong>uisere</strong></span> <span class='ocrx_word' id='word_1_262' title='bbox 994 4041 1074 4105; x_wconf 88' lang='lat' dir='ltr'><strong>ad</strong></span> <span class='ocrx_word' id='word_1_263' title='bbox 1111 4064 1278 4106; x_wconf 85' lang='lat' dir='ltr'><strong>eam:</strong></span> <span class='ocrx_word' id='word_1_264' title='bbox 1333 4042 1587 4107; x_wconf 85' lang='lat' dir='ltr'><strong>admisit</strong></span> <span class='ocrx_word' id='word_1_265' title='bbox 1621 4064 1829 4107; x_wconf 90' lang='lat' dir='ltr'><strong>nemo.</strong></span> <span class='ocrx_word' id='word_1_266' title='bbox 1901 4040 2023 4107; x_wconf 88' lang='lat' dir='ltr'><strong>hoc</strong></span> <span class='ocrx_word' id='word_1_267' title='bbox 2054 4040 2167 4105; x_wconf 78' lang='lat' dir='ltr'><strong>ubi</strong></span> <span class='ocrx_word' id='word_1_268' title='bbox 2201 4063 2395 4106; x_wconf 90' lang='lat' dir='ltr'><strong>senex</strong></span> 
     </span>
     <span class='ocr_line' id='line_1_42' title="bbox 10 4128 2768 4216; baseline -0.003 -14"><span class='ocrx_word' id='word_1_269' title='bbox 10 4132 47 4165; x_wconf 69' lang='lat'><strong>&#39;¹²³</strong></span> <span class='ocrx_word' id='word_1_270' title='bbox 353 4138 455 4193; x_wconf 89' lang='grc'><strong>190</strong></span> <span class='ocrx_word' id='word_1_271' title='bbox 656 4134 959 4216; x_wconf 88' lang='lat' dir='ltr'><strong>Resciuit,</strong></span> <span class='ocrx_word' id='word_1_272' title='bbox 995 4135 1130 4203; x_wconf 91' lang='lat' dir='ltr'><strong>heri</strong></span> <span class='ocrx_word' id='word_1_273' title='bbox 1166 4159 1245 4202; x_wconf 88' lang='lat' dir='ltr'><strong>ea</strong></span> <span class='ocrx_word' id='word_1_274' title='bbox 1276 4137 1468 4202; x_wconf 73' lang='lat' dir='ltr'><strong>causa</strong></span> <span class='ocrx_word' id='word_1_275' title='bbox 1502 4157 1648 4202; x_wconf 89' lang='lat' dir='ltr'><strong>rure</strong></span> <span class='ocrx_word' id='word_1_276' title='bbox 1683 4136 1810 4202; x_wconf 88' lang='lat' dir='ltr'><strong>huc</strong></span> <span class='ocrx_word' id='word_1_277' title='bbox 1843 4135 2123 4215; x_wconf 71' lang='lat' dir='ltr'><strong>aduenit,</strong></span> <span class='ocrx_word' id='word_1_278' title='bbox 2450 4155 2528 4196; x_wconf 78' lang='lat'><strong>115</strong></span> <span class='ocrx_word' id='word_1_279' title='bbox 2767 4128 2768 4187; x_wconf 55' lang='lat' dir='ltr'>l</span> 
     </span>
    </p>
   </div>
   <div class='ocr_carea' id='block_1_4' title="bbox 12 1048 81 1495">
    <p class='ocr_par' dir='ltr' id='par_1_4' title="bbox 12 1048 81 1495">
     <span class='ocr_line' id='line_1_43' title="bbox 12 1048 81 1495; baseline 0 3122"><span class='ocrx_word' id='word_1_280' title='bbox 12 1048 81 1495; x_wconf 95' lang='lat' dir='ltr'><strong> </strong></span> 
     </span>
    </p>
   </div>
   <div class='ocr_carea' id='block_1_5' title="bbox 4 1794 59 3071">
    <p class='ocr_par' dir='ltr' id='par_1_5' title="bbox 4 1794 59 3071">
     <span class='ocr_line' id='line_1_44' title="bbox 4 1794 59 3071; baseline 0 0"><span class='ocrx_word' id='word_1_281' title='bbox 4 1794 59 3071; x_wconf 95' lang='lat' dir='ltr'><strong> </strong></span> 
     </span>
    </p>
   </div>
  </div>
 </body>
</html>
