2792 4617
490 319 571 382 28
1304 329 1601 387 ANDRIA
2278 331 2383 400 111,
2412 332 2458 386 1.
2489 330 2535 385 2

658 454 924 518 Adeene
960 461 1054 518 est
1090 453 1384 519 demens?
1428 455 1509 518 ex
1543 453 1910 540 peregrina?
1951 453 2076 518 iam
2112 453 2269 519 seio:
2315 453 2420 531 ah,

351 552 455 609 470
658 548 789 612 Vix
806 546 1060 612 tandem
1077 549 1243 612 sensi
1263 548 1542 613 stelidus.
1565 547 1874 629 DA.Quid
1890 548 1993 613 hio
2010 549 2278 613 sensisse
2298 548 2421 613 a’it?

490 639 582 707 SI.
655 643 837 706 Haeo
873 644 1145 726 primum
1181 641 1463 707 adfertur
1495 643 1621 706 iam
1657 641 1744 706 mi
1780 642 1861 706 ab
1894 641 2017 707 hoo
2050 642 2327 707 fallacia:

655 736 845 799 Hane
865 736 1161 799 simulant
1179 757 1421 820 parere,
1442 738 1568 819 que
1590 733 1991 801 Chremetem
2011 737 2420 803 absterreant.

492 824 836 909 (GL.)Iune
855 829 1124 906 Lucina,
1160 829 1257 893 fer
1292 852 1498 914 opem,
1537 851 1720 894 serua
1753 853 1875 907 me,
1914 831 2192 896 ebsecro.
2448 847 2512 888 1⁵

490 921 581 988 S1.
652 923 808 1000 Hui,
846 926 973 986 tam
1011 923 1173 987 eito‘?
1215 922 1577 987 ridiculum:
1622 935 1958 1009 postquam
1994 936 2140 990 ante
2176 924 2408 990 estium

352 1029 454 1084 475
656 1017 771 1082 Me
809 1017 1051 1080 audiuit
1085 1029 1268 1093 stare,
1307 1017 1702 1102 adproperat.
1748 1040 1877 1082 non
1911 1028 2009 1082 sat
2043 1019 2373 1085 oemmode

656 1112 886 1175 Diuisa
937 1121 1083 1176 sunt
1135 1111 1524 1269 tempeffiblus
1555 1111 1712 1269 Ptibi,
1765 1110 1976 1190 Daue,
2028 1111 2205 1178 haee.
2291 1113 2422 1178 DA.

1413 1229 1432 1268 1
1479 1229 1544 1269 1n
2308 1228 2312 1232 ·

491 1298 579 1365 Sr.
648 1299 822 1364 Num
856 1299 1232 1365 inmemores
1270 1299 1596 1384 discipuli?
1664 1297 1793 1364 DA.
1839 1283 1984 1386 Ego
2020 1300 2174 1385 quid
2208 1323 2425 1366 narres

1336 1394 1569 1457 neseio.

493 1485 584 1552 SI.
655 1486 885 1551 Hicine
921 1510 1023 1551 me
1061 1487 1113 1550 si
1147 1487 1509 1572 inparatum
1543 1487 1610 1551 in
1644 1487 1812 1551 ueris
1850 1487 2084 1573 nuptiis
2452 1507 2516 1548 20

660 1581 947 1645 Adertus
984 1591 1167 1656 esset,
1206 1583 1364 1663 ques
1400 1580 1554 1644 mihi
1589 1580 1771 1645 ludos
1807 1581 2125 1647 redderet!

353 1679 457 1733 480
659 1675 723 1738 N
725 1697 848 1739 une
884 1675 1070 1738 huius
1106 1674 1341 1759 periclo
1379 1673 1475 1751 fit,
1512 1698 1633 1763 ego
1668 1676 1732 1738 in
1768 1686 1956 1760 portu
1992 1676 2245 1762 nauigO.

954 1862 1275 1926 Lns131A
1363 1861 1575 1928 81Μο
1661 1861 1948 1929 ΒΔνοε

949 1970 1281 2011 οΒεΤΕΤΒιΧ
1373 1970 1566 2013 ΒΕΝΕΧ
1694 1971 1918 2014 snnvos

492 2049 612 2113 LE.
656 2048 913 2125 Adhuc,
948 2049 1266 2133 Archylis,
1304 2071 1469 2134 quae
1497 2050 1778 2114 adsolent
1806 2072 2095 2136 quaeque
2124 1995 2541 2137 oportentm,2

666 2141 869 2227 Signa
904 2145 1041 2207 esse
1077 2144 1158 2206 ad
1195 2144 1479 2220 salutem,
1517 2144 1728 2208 omnia
1761 2145 1909 2209 huie
1945 2168 2079 2211 esse
2114 2146 2321 2211 uideo·

662 2238 851 2301 Nune
884 2239 1157 2321 primum
1193 2237 1297 2302 fae
1330 2240 1456 2301 ista
1489 2249 1560 2301 ut
1594 2238 1792 2315 lauet3
1830 2251 1974 2325 post
2009 2240 2254 2314 deinde,

664 2331 859 2413 Quod
892 2331 1047 2394 iussi
1082 2331 1139 2395 ei
1175 2331 1312 2395 dari
1347 2331 1565 2396 bibere
1601 2343 1661 2396 et
1697 2336 2001 2416 quantum
2036 2333 2365 2419 imperem,

356 2439 459 2493 485
661 2425 833 2489 Date
844 2449 861 2501 3
899 2427 1048 2489 mox
1086 2447 1205 2509 ego
1242 2424 1367 2489 hue
1402 2428 1707 2490 reuertor.
2248 2457 2259 2471 ·
2483 2448 2512 2489 5

661 2519 791 2583 Per
826 2521 1069 2583 ecastor
1104 2519 1296 2583 scitus
1334 2521 1493 2604 puer
1528 2530 1622 2583 est
1655 2530 1840 2584 natus
1875 2520 2230 2605 Pamphilo,

662 2612 839 2677 Deos
868 2615 1104 2696 quaeso
1130 2623 1202 2676 ut
1227 2614 1307 2678 sit
1334 2615 1669 2697 superstes,
1697 2613 2209 2699 quandoquidem
2233 2619 2432 2702 ipsest

1337 2706 1591 2792 ingenie
1629 2708 1816 2784 bon0‚

665 2798 1005 2881 Quomque
1057 2799 1203 2864 huie
1257 2812 1353 2865 est
1404 2801 1641 2865 ueritus
1695 2804 1989 2887 optumae
2043 2803 2432 2871 adulescenti

1341 2893 1550 2958 faeere
1585 2895 1893 2959 iniuriam.
1929 2936 2016 2945 ——

498 2983 588 3050 S1.
661 2985 784 3054 Vel
818 2984 940 3050 hoo
975 2988 1114 3070 quis
1147 3008 1277 3051 non
1313 2988 1545 3064 eredat,
1581 2992 1690 3072 qui
1724 3002 1785 3053 te
1820 2990 2003 3066 norit,
2040 2990 2155 3055 abs
2192 3001 2255 3056 te
2291 3015 2431 3058 esse

1343 3082 1582 3144 ortum?
1632 3082 1760 3145 DA.
1801 3081 1975 3163 Quid
2011 3108 2160 3147 nam
2195 3085 2262 3149 id
2300 3088 2432 3153 est?

359 3186 464 3241 490
499 3170 590 3236 81.
660 3172 811 3237 Non
868 3173 1219 3257 imperabat
1281 3176 1524 3250 ceram,
1587 3175 1739 3258 quid
1798 3199 1957 3261 opus
2022 3177 2193 3242 facto
2266 3191 2431 3246 esset
2458 3202 2513 3241 10

1342 3271 1708 3353 puerperae,

668 3358 800 3426 Sed
850 3362 1186 3445 postquam
1248 3374 1589 3447 egressast,
1648 3362 1770 3426 illis
1830 3384 1991 3447 quae
2055 3376 2203 3429 sunt
2259 3369 2431 3434 intus

1345 3455 1573 3519 clamat
1609 3456 1686 3520 de
1723 3455 1847 3520 uia.

666 3544 729 3611 O
766 3544 978 3624 Daue,
1022 3547 1191 3613 itane
1227 3552 1594 3613 contemnor
1630 3549 1743 3614 abs
1788 3550 1887 3615 te?
1930 3562 2040 3615 aut
2081 3554 2256 3618 itane
2292 3563 2433 3619 tan-

1346 3642 1490 3706 dem
1524 3643 1789 3707 idoneus

665 3732 814 3797 Tibi
847 3733 1068 3798 uideor
1103 3757 1258 3811 esse,
1295 3739 1484 3819 quem
1512 3747 1642 3800 tam
1670 3746 1883 3821 aperte
1910 3736 2129 3804 fallere
2162 3739 2431 3827 incipias

1342 3830 1539 3894 dolis?

668 3919 909 3986 Saltem
923 3924 1234 3997 accurate,
1244 3935 1315 3986 ut
1328 3924 1525 3987 metui
1538 3922 1757 3986 uidear
1771 3926 1958 4001 certe,
1971 3926 2023 3990 si
2042 3929 2430 3996 resoluerim.

360 4019 464 4075 495
496 4014 625 4081 DA.
669 4012 860 4082 Certe
905 4015 1112 4083 hercle
1155 4039 1325 4082 nune
1368 4017 1470 4081 hic
1514 4039 1581 4080 se
1626 4017 1799 4100 ipsus
1843 4019 2024 4097 fallit,
2068 4020 2242 4086 haud
2287 4047 2431 4112 ego.
2459 4043 2515 4087 15

1343 4108 1431 4176 81.
1486 4109 1677 4175 Edixi
1712 4110 1849 4190 tibi,
