2792 4617
551 273 679 339 214
1367 285 1681 340 HEOYRA
2342 285 2451 355 111,
2475 287 2527 340 3.
2557 286 2591 341 4

719 407 1159 492 Sdlitudoque.
1212 410 1250 473 ό
1276 408 1554 486 fortuna,
1588 421 1661 473 ut
1691 408 2038 492 nsunquam
2073 419 2380 495 perpetuo
2415 410 2484 473 es

1394 502 1590 567 bona!

720 596 852 664 sed
884 597 1014 661 iam
1050 596 1221 682 prior
1256 598 1434 663 amer
1466 619 1569 662 me
1604 595 1687 661 ad
1722 596 1886 661 hane
1911 619 2047 660 rem
2073 596 2482 661 exercitatum

1395 690 1690 768 reddidit,

721 784 932 867 Quem
968 805 1088 870 ego
1122 794 1261 850 tum
1303 784 1563 850 oonsilio
1608 784 1871 848 missum
1913 781 2064 848 feei:
2108 782 2279 850 idem
2316 784 2483 849 hune

1395 880 1653 964 operam
1689 877 1873 943 dabo·

715 974 922 1039 Adest
946 973 1265 1038 Parmeno
1303 995 1447 1037 eum
1484 973 1724 1061 pfieris:
1760 973 1931 1037 hune
1958 971 2297 1038 minumest
2322 996 2483 1060 opus

407 1083 511 1138 410
715 1069 795 1133 In
829 1068 948 1133 hae
983 1091 1052 1134 re
1086 1067 1307 1132 adesse
1316 1092 1335 1146 3
1372 1091 1522 1132 nam
1557 1068 1707 1134 elim
1742 1067 1860 1132 soli
1894 1067 2153 1144 credidi,
2253 1102 2261 1109 -
2510 1084 2568 1128 ω

719 1162 820 1227 Ea
854 1185 956 1228 me
993 1161 1372 1228 abstinuisse
1407 1165 1475 1226 in
1508 1161 1837 1248 principie,
1874 1163 2067 1246 quem
2103 1161 2330 1228 datast.

714 1258 972 1334 Veredr,
1009 1257 1063 1321 si
1100 1258 1440 1322 clamorem
1475 1257 1609 1322 eius
1645 1255 1749 1321 hio
1783 1256 2004 1321 erebro
2042 1255 2277 1334 alidiat,

715 1351 815 1416 Ne
852 1350 1160 1437 psirturire
1194 1351 1541 1436 intellegat.
1614 1350 1824 1433 aliqud
1862 1349 2075 1414 mihist

714 1446 890 1512 Hine
920 1445 1333 1531 ablegandus,
1373 1447 1525 1510 d1'1m
1560 1445 1726 1529 parit
1756 1444 2156 1510 Philfimena.

807 1711 1208 1777 PAnun-no
1341 1707 1600 1777 Sosu
1726 1709 2219 1776 Paruum-s

917 1827 1090 1869 snnw
1442 1829 1485 1868 11
1776 1825 2161 1870 Anvnnscnns

407 1925 511 1979 415
544 1918 701 1981 PAR.
737 1916 870 1980 Ain
905 1917 975 1979 t1'1
1009 1915 1124 1979 tibi
1160 1915 1280 1981 hoe
1314 1914 1787 1980 inedmmodum
1824 1918 2113 1981 euenisse
2148 1915 2302 1981 iter?
2476 1936 2587 1988 m,4

547 2011 659 2078 So·
713 2011 778 2076 N
779 2033 861 2074 on
897 2009 1106 2076 hercle
1142 2010 1375 2087 uerbis,
1412 2009 1751 2087 ParmenO,
1788 2010 1913 2074 diei
1944 2021 2153 2096 potest

714 2104 1013 2180 Tantt'im,
1050 2125 1244 2189 quam
1278 2127 1347 2169 re
1384 2104 1523 2189 ipsa
1557 2104 1864 2190 nauigare
1899 2104 2445 2171 inedmmodumst.

543 2200 699 2265 PAR.
736 2200 881 2264 Itan
917 2200 1047 2264 est?
1136 2197 1248 2264 So·
1296 2195 1360 2264 Ο
1400 2199 1738 2276 fortunate,
1774 2199 1978 2263 neseis
2015 2197 2169 2283 quid
2202 2199 2353 2264 mali

711 2293 1143 2370 Praeterieris,
1181 2292 1292 2376 qui
1326 2295 1675 2377 nl'imquam
1712 2316 1781 2358 es
1818 2293 2143 2378 ingresst'is
2178 2315 2368 2358 mare.
2532 2312 2557 2354 5

405 2404 510 2458 420
713 2389 882 2453 Nam
918 2388 1074 2453 alias
1109 2398 1180 2452 ut
1213 2387 1463 2452 mittam
1496 2387 1804 2464 miserias,
1838 2410 2033 2456 unam
2068 2387 2234 2453 hane
2267 2388 2445 2453 uide:

714 2483 872 2548 Dies
909 2482 1169 2569 triginta
1203 2493 1310 2547 aut
1347 2483 1490 2568 phas
1526 2504 1602 2548 eo
1637 2482 1703 2546 in
1736 2483 1890 2546 naui
1931 2481 2045 2558 fui,

715 2576 928 2658 Quom
963 2578 1205 2642 interea
1241 2599 1491 2661 semper
1524 2578 1787 2641 mertem
1815 2576 2230 2662 expectabam
2255 2577 2475 2657 misen

713 2673 814 2736 Ita
849 2673 1051 2754 sisque
1088 2672 1359 2735 aduorsa
1394 2673 1765 2756 tempestate
1801 2674 1901 2735 usi
1936 2693 2171 2736 sumus.

541 2766 697 2831 PAR.
737 2763 1069 2830 Odidsum.
1120 2763 1231 2829 So.
1269 2765 1467 2828 Haud
1495 2765 1657 2829 elam
1684 2788 1786 2830 me
1815 2774 1927 2829 est.
1966 2764 2241 2848 denique
2269 2764 2476 2831 hercle
2504 2787 2555 2824 ιο

1392 2858 1750 2944 aufl'igerim

404 2976 508 3030 425
715 2953 936 3018 Potil'is
963 2974 1155 3036 quam
1182 2951 1458 3030 redeam,
1488 2954 1540 3017 si
1568 2955 1642 3018 ed
1670 2953 1824 3017 mihi
1852 2951 2243 3017 redeundl'nn
2262 2952 2474 3019 seiam.

541 3048 698 3112 PAR.
738 3045 914 3111 Olim
950 3046 1206 3130 quidem
1242 3057 1305 3111 te
1342 3048 1569 3112 eafisae
1605 3047 2009 3134 impellebant
2043 3047 2238 3122 leues,

712 3140 908 3221 Quod
939 3142 1110 3205 mine
1147 3140 1436 3205 minitare
1472 3141 1701 3218 facere,
1747 3153 1818 3206 ut
1852 3141 2113 3220 faeereS,
2152 3140 2354 3205 Sdsia.

713 3235 848 3301 Sed
889 3234 1298 3320 Pamphilum
1336 3235 1543 3321 ipsum
1580 3236 1766 3301 uideo
1803 3249 1969 3300 stare
2007 3246 2151 3300 ante
2188 3235 2446 3302 det-ium:

561 3393 566 3398 .
710 3329 809 3395 Ite
842 3331 1035 3406 intr03
1073 3351 1193 3415 ego
1230 3328 1401 3393 hune
1436 3330 1645 3408 adibo,
1682 3330 1735 3394 si
1770 3330 1923 3413 quid
1958 3332 2059 3393 me
2095 3329 2269 3394 uelit.
2306 3366 2391 3377 —-
2501 3351 2553 3390 15

402 3447 506 3501 430
711 3425 860 3500 Ere,
899 3422 1087 3488 etiam
1124 3435 1196 3487 tu
1231 3422 1333 3489 hie
1369 3424 1539 3489 stas?
1624 3425 1788 3489 Pin.
1843 3424 1930 3489 Et
1974 3422 2230 3508 quidem
2266 3434 2329 3489 te
2364 3447 2473 3490 ex—

1386 3521 1591 3603 peete.
1677 3517 1835 3582 PAR.
1881 3517 2056 3599 Quid
2093 3517 2225 3582 est?

540 3612 705 3676 Pin.
743 3610 822 3675 In
856 3612 1067 3677 arcem
1115 3622 1473 3676 transcurso
1519 3614 1677 3698 epus
1714 3623 1825 3677 est.
1921 3611 2080 3676 PAR.
2145 3610 2320 3694 Quoi
2361 3610 2475 3677 ho-

1385 3706 1575 3771 mini?
1663 3708 1825 3771 Pin.
1872 3705 2037 3770 Tibi.

536 3802 692 3865 PAn.
737 3798 816 3864 In
845 3800 1092 3864 arcem?
1119 3800 1274 3884 quid
1301 3801 1414 3864 eo?
1461 3801 1619 3864 ΡΑΜ.
1653 3799 2133 3865 Callidemidem
2160 3798 2470 3885 hdspitem

706 3893 1100 3977 Mycenium,
1139 3894 1247 3977 qui
1281 3917 1532 3961 meeum
1566 3897 1695 3959 {ma
1729 3905 1998 3972 uectust,
2036 3895 2323 3958 ednueni.

538 3991 692 4054 PAR.
730 3986 921 4051 Perii.
993 3988 1243 4052 uouisse
1279 3987 1450 4054 hune
1486 3989 1712 4067 dicam,
1748 3990 1803 4053 si
1838 3989 2047 4053 saluds
2089 3987 2347 4052 domum
2494 4010 2548 4052 20

400 4089 504 4144 435
707 4082 1001 4148 Redisset
1032 4103 1356 4168 umquam,
1394 4094 1466 4150 ut
1500 4107 1611 4164 me
1637 4083 2019 4150 ambulando
2056 4082 2414 4170 rl'imperet?
