2792 4617
646 1119 719 1197 C.
777 1116 1258 1198 SVETONI
1304 1117 2005 1213 TRANQVILLI

935 1311 1168 1378 VITA
1210 1298 1970 1416 TERENTJ„‚.,
2031 1272 2051 1284 ’

199 1641 337 1742 ⁰52}
494 1669 562 1724 Ρ.
576 1668 873 1723 Terentius
889 1666 1029 1722 Afer
1039 1666 1379 1739 Carthagine
1399 1672 1561 1721 natus
1579 1665 1773 1721 seruiit
1788 1665 1998 1721 Romae
2017 1618 2281 1720 Terentio

270 1760 300 1802 ὅ
333 1755 575 1810 Lucano
610 1753 868 1821 senatori,
901 1768 938 1806 a
971 1768 1080 1823 quo
1113 1753 1187 1807 ob
1217 1751 1503 1823 ingenium
1537 1757 1594 1807 et
1616 1751 1848 1807 formam
1869 1768 1982 1806 non
2000 1751 2281 1806 institutus

333 1840 509 1895 modo
530 1837 854 1906 liberaliter,
887 1838 986 1892 sed
1009 1842 1067 1892 et
1097 1842 1311 1892 mature
1333 1853 1502 1891 manu
1521 1837 1721 1891 missus
1745 1842 1845 1894 est.
1903 1836 2128 1907 quidam
2150 1853 2279 1907 cap-

334 1933 464 1982 tum
486 1942 609 1981 esse
634 1925 971 1979 existimant:
1006 1924 1154 1995 quod
1187 1924 1310 1980 fieri
1341 1925 1493 1979 nullo
1515 1925 1678 1979 modo
1700 1925 1946 1995 potuisse
1969 1924 2283 1979 Fenestella

337 2015 526 2082 docet,
561 2028 686 2067 cum
717 2012 864 2066 inter
893 2011 1061 2066 finem
1094 2011 1322 2067 secundi
1342 2011 1546 2065 Punici
1576 2011 1710 2066 belli
1744 2017 1801 2066 et
1820 2011 2038 2066 initium
2062 2011 2213 2067 tertii
2234 2022 2282 2066 et
2316 2013 2351 2067 5

250 2115 302 2155 10
338 2104 510 2154 natus
532 2100 598 2152 sit
623 2103 682 2151 et
702 2102 973 2168 mortuus3
1006 2114 1128 2165 nec,
1163 2097 1211 2151 si
1236 2114 1272 2151 a
1294 2096 1551 2153 Numidis
1575 2102 1673 2150 aut
1697 2096 1951 2153 Gaetulis
1975 2103 2167 2168 captus
2191 2096 2280 2166 sit,

199 2208 242 2249 p.
259 2200 313 2240 87
342 2186 425 2240 ad
442 2185 710 2239 dominum
728 2184 1036 2238 Romanum
1053 2182 1341 2255 peruenire
1359 2184 1605 2254 potuisse
1624 2183 1773 2238 nullo
1798 2184 2122 2239 commercio
2138 2184 2282 2238 inter

338 2269 572 2324 Italicos
598 2275 655 2324 et
677 2269 845 2323 Afros
868 2269 976 2323 nisi
997 2274 1124 2340 post
1147 2269 1387 2323 deletam
1412 2268 1805 2342 Carthaginem
1829 2275 2040 2340 coepto.

482 2356 594 2410 Hic
614 2372 738 2409 cum
754 2354 944 2409 multis
961 2355 1242 2410 nobilibus
1259 2354 1610 2409 familiariter
1624 2354 1780 2425 uixit,
1791 2355 1891 2409 sed
1906 2357 2140 2410 maxime
2158 2373 2280 2411 cum

341 2441 607 2514 Scipione
640 2441 908 2497 Africano
940 2448 998 2497 et
1029 2442 1090 2497 C.
1125 2442 1348 2511 Laelio,
1391 2442 1594 2511 quibus
1626 2442 1794 2496 etiam
1825 2443 2068 2514 corporis
2099 2443 2282 2515 gratia
2318 2445 2384 2499 10

277 2542 305 2584 5
340 2528 674 2584 conciliatus
708 2527 1072 2582 existimatur:
1108 2528 1256 2599 quod
1289 2532 1346 2582 et
1375 2527 1559 2598 ipsum
1588 2527 1904 2582 Fenestella
1936 2527 2121 2599 arguit
2152 2544 2278 2583 con-

339 2615 579 2669 tendens
594 2618 829 2683 utroque
847 2613 1110 2668 maiorem
1125 2618 1262 2668 natu
1278 2613 1470 2681 fuisse,
1480 2613 1732 2684 quamuis
1749 2618 1809 2668 et
1815 2614 2003 2685 Nepos
2020 2615 2281 2685 aequales

342 2717 535 2755 omnes
557 2699 731 2754 fuisse
754 2700 941 2754 tradat
964 2703 1022 2753 et
1035 2698 1270 2754 Porcius
1288 2699 1651 2769 suspitionem
1667 2700 1739 2754 de
1761 2700 2157 2756 consuetudine
2178 2718 2281 2772 per

340 2787 486 2841 haec
506 2784 706 2840 faciat:

410 2868 566 2926 Dum
590 2868 878 2925 lasciuiam
898 2870 1169 2925 nobilium
1192 2875 1252 2925 et
1270 2867 1468 2925 laudes
1491 2870 1709 2926 fucosae
1731 2873 1890 2943 petit,
2316 2876 2383 2929 15

253 2971 306 3013 ιο
410 2957 564 3011 Dum
588 2939 846 3011 Africani
867 2953 1060 3012 uocem
1086 2955 1331 3011 diuinam
1353 2953 1535 3011 inhiat
1555 2956 1735 3011 auidis
1757 2954 2000 3026 auribus,

412 3040 567 3097 Dum
591 3044 665 3097 ad
687 3042 912 3096 Philum
936 3058 995 3096 se
1019 3038 1262 3097 cenitare
1287 3046 1345 3097 et
1364 3039 1621 3098 Laelium
1644 3039 1933 3114 pulchrum
1956 3046 2134 3114 putat,

412 3125 606 3183 Dum
586 3146 648 3182 m
669 3128 950 3182 Albanum
974 3123 1168 3182 crebro
1191 3128 1406 3199 rapitur
1426 3126 1500 3184 ob
1523 3128 1715 3183 florem
1738 3126 1938 3183 aetatis
1961 3144 2119 3185 suae.

202 3230 320 3281 1».ae
415 3216 544 3270 Su&
557 3213 810 3286 postlatie
832 3209 1002 3269 rebus
1025 3214 1099 3268 ad
1123 3228 1392 3268 summam
1415 3210 1660 3285 inopiam
1683 3212 1940 3270 redactus
1964 3221 2065 3270 est.

415 3282 617 3373 itaque
659 3316 727 3355 ex
768 3303 1069 3370 conspectu
1108 3295 1351 3354 omnium
1388 3301 1480 3353 ubi
1516 3299 1637 3355 abit
1676 3297 1943 3356 Graeciae
1978 3300 2039 3356 in
2077 3306 2279 3357 terram
2318 3300 2388 3354 20

1264 3381 1534 3454 ultimam,

418 3469 690 3527 Mortuost
713 3467 1044 3540 Stymphali,
1069 3468 1345 3525 Arcadiae
1369 3473 1427 3524 in
1450 3469 1680 3541 oppido.
1704 3471 1785 3525 nil
1806 3467 2009 3527 Publio

422 3554 610 3627 Scipio
634 3566 741 3610 tum
763 3551 989 3627 profuit,
1013 3554 1092 3610 nil
1113 3553 1359 3624 Laelius,
1382 3556 1464 3610 nil
1485 3554 1702 3626 Furius,

284 3651 314 3694 5
419 3638 562 3697 Tres
584 3657 686 3713 per
706 3640 766 3695 id
788 3636 1007 3711 tempus
1031 3640 1129 3712 qui
1149 3640 1443 3713 agitabant
1463 3639 1679 3698 nobiles
1701 3640 2005 3698 facillume:

415 3726 620 3783 Eorum
639 3728 738 3783 ille
761 3743 931 3798 opera
951 3724 1025 3786 ne
1055 3729 1276 3784 domum
1301 3730 1525 3800 quidem
1547 3730 1746 3787 habuit
1768 3728 2185 3802 conducticiam‚
2310 3729 2379 3783 25

421 3810 629 3868 saltem
650 3818 713 3867 ut
736 3819 881 3868 esset
902 3811 1013 3884 quo
1036 3814 1270 3870 referret
1291 3812 1502 3871 obitum
1527 3816 1733 3872 domini
1756 3814 2014 3873 seruulus.

490 3897 725 3968 Scripsit
756 3899 1067 3955 comoedias
1099 3916 1211 3970 sex,
1257 3917 1324 3955 ex
1355 3901 1555 3973 quibus
1584 3902 1821 3973 primam
1852 3901 2120 3957 Andriam
2152 3920 2275 3957 cum

354 3985 625 4042 aedilibus
672 3986 856 4056 daret,
904 3987 1085 4042 iussus
1131 3992 1260 4043 ante
1308 3986 1547 4043 Caecilio
1589 3990 1823 4045 recitare
1871 3991 1945 4044 ad
1992 3997 2275 4045 cenantem

265 4082 323 4123 ιο
358 4086 480 4124 cum
508 4070 776 4142 uenisset,
811 4072 1005 4128 dicitur
1036 4072 1251 4128 initium
1283 4073 1508 4144 quidem
1538 4074 1780 4146 fabulae,
1821 4075 1968 4145 quod
2000 4080 2119 4130 erat
2150 4092 2274 4133 con-

1840 4161 1906 4213 1·
