2792 4617
1338 463 1610 486 §§§§§§

907 733 1016 790 DE
1051 671 1804 802 vna-Aezsfcslsems}
1959 677 2045 792 1³2
2153 678 2250 793 '‘s‘.

719 891 804 969 P.
889 892 1524 969 TERENTI
1606 891 1941 969 AFRI

1075 1061 1584 1126 PRAEFATIO.

236 1261 243 1268 '
310 1259 477 1327 Quod
500 1277 666 1333 saepe
684 1261 891 1317 factum
909 1278 1029 1317 esse
1046 1262 1313 1331 videmus,
1351 1260 1666 1316 Fenestella
1699 1260 1862 1328 (infra
1885 1278 1939 1332 p.
1966 1261 2037 1330 3),
2073 1259 2305 1313 fortasse
2330 1260 2423 1313 vel

236 1329 304 1384 ‘ut
344 1330 586 1383 virorum
626 1330 851 1403 ingenio
891 1336 1057 1399 atque
1093 1330 1314 1401 scriptis
1353 1335 1518 1383 antea
1560 1329 1759 1384 Santra
1802 1333 1870 1396 (v.
1916 1328 2067 1383 Roth
2105 1329 2142 1382 1.
2182 1333 2251 1397 c.)
2292 1344 2418 1381 eum

237 1398 545 1469 insignium
565 1403 622 1453 et
638 1399 709 1453 ob
730 1415 796 1453 ea
813 1400 1046 1454 maxime
1067 1399 1313 1453 laudato-
1352 1403 1488 1453 natu
1527 1399 1789 1453 maiorem
1830 1397 2001 1452 fuisse
2044 1396 2417 1452 contenderat.

237 1485 365 1521 rum
402 1468 552 1520 vitae
592 1466 953 1537 fortunaeque
987 1466 1313 1523 vicissitudi-
1353 1472 1413 1521 at
1443 1483 1623 1537 neque
1655 1468 1799 1520 hanc
1824 1482 2003 1536 neque
2026 1466 2178 1519 illam
2205 1469 2419 1518 senten-

238 1553 370 1602 nes,
418 1534 682 1604 quamdiu
720 1536 832 1589 vivi
872 1542 1080 1606 essent,
1126 1535 1314 1608 negle-
1351 1535 1487 1589 tiam
1506 1535 1670 1590 certis
1688 1534 1940 1603 testibus,
1966 1536 2063 1588 sed
2081 1550 2232 1587 mera
2249 1532 2419 1586 homi-

154 1657 160 1664 ,
236 1611 508 1675 gerentur
524 1619 703 1673 neque
720 1605 835 1658 ullo
843 1605 1005 1658 modo
1018 1606 1314 1659 memoriae
1352 1621 1483 1657 num
1506 1604 1789 1657 doctorum
1812 1603 1977 1656 inniti
2004 1601 2421 1656 ratiocinatione

236 1672 616 1741 traderentur,
663 1689 698 1726 a
743 1673 1063 1743 posteritate
1108 1679 1312 1741 tamen,
1352 1672 1424 1728 H.
1460 1670 1609 1742 Saup
1654 1690 1682 1726 e
1726 1671 1951 1740 (Nachr.
1995 1671 2047 1724 d.
2091 1670 2243 1725 Gsstt.
2288 1667 2418 1723 Ges.

234 1741 372 1795 'cum
388 1740 636 1795 homines
653 1741 779 1794 illas
790 1741 1311 1812 curareinciperent,
1353 1740 1489 1794 1870
1514 1758 1571 1811 p.
1631 1741 1695 1794 11
1726 1759 1751 1793 s
1792 1745 1867 1809 q.)
1888 1739 2127 1794 dilucide
2153 1738 2418 1808 exposuit.

239 1826 354 1864 non
386 1808 498 1863 iam
528 1810 619 1863 vel
653 1826 717 1863 ex
744 1825 942 1864 caecae
966 1810 1314 1864 obscuritatis
1389 1808 1534 1863 riore
1569 1808 1714 1862 enim
1748 1809 1761 1821 ’
1808 1825 1840 1862 o
1872 1823 2015 1862 anno
2047 1806 2219 1862 natali
2242 1805 2422 1876 posito

234 1877 489 1931 'tenebris
519 1877 610 1931 vel
642 1893 709 1931 ex
732 1878 982 1932 diversae
1014 1878 1197 1932 famae
1224 1895 1311 1931 ru-
1408 1878 1677 1946 erentius,
1735 1894 1858 1930 cum
1904 1893 1955 1930 a.
2004 1875 2107 1930 588
2151 1875 2422 1927 Andriam

238 1945 520 2015 morisque
552 1945 984 2000 dubitationibus
1026 1947 1202 2001 evolvi
1232 1950 1311 1999 at·
1351 1946 1587 2016 primam
1609 1945 1857 1999 fabulam
1879 1944 1939 1998 in
1964 1961 2218 1998 scaenam
2243 1944 2421 2011 daret,

241 2030 354 2084 que
400 2014 474 2067 ad
519 2019 701 2069 certae
748 2013 880 2069 fidei
928 2013 1312 2068 confidentiam
1351 2015 1592 2067 nondum
1656 2013 1710 2067 vi
1754 2014 1856 2067 inti
1922 2028 2093 2066 annos
2158 2011 2421 2065 habuisse

239 2081 477 2153 perduci
527 2087 776 2152 possent,
833 2082 894 2136 id
943 2084 1003 2136 in
1038 2082 1312 2137 ‘Terentio
1352 2088 1560 2152 potest3
1610 2099 1719 2153 quo
1800 2098 1924 2136 cum
1964 2081 2089 2134 aliis
2130 2080 2201 2134 de
2242 2079 2423 2133 causis

240 2166 469 2220 quoque
509 2157 676 2221 poeta
713 2168 818 2205 usu
863 2152 1060 2205 evenit.
1122 2167 1310 2219 quam·
1352 2167 1545 2220 parum
1570 2150 1859 2221 probabile
1880 2153 1980 2218 est,
2004 2155 2123 2203 tum
2140 2164 2269 2201 vero
2288 2147 2422 2215 quia

240 2236 412 2290 quam
425 2218 567 2272 enim
585 2219 850 2290 singulari
867 2220 1118 2274 fortunae
1130 2220 1312 2291 gratia
1352 2224 1554 2288 poetae
1577 2224 1762 2272 nostro
1786 2217 2104 2285 adversarii,
2134 2234 2169 2270 a
2192 2233 2423 2299 quorum

239 2288 719 2369 contigit,·ut·vi·ta
739 2289 856 2341 eius
874 2304 909 2341 a
925 2291 1167 2369 Suetonio
1187 2304 1310 2368 con:
1350 2286 1518 2341 variis
1535 2304 1606 2369 pe
1678 2286 1928 2367 etuisque
1948 2284 2256 2368 opprobriis
2279 2301 2339 2339 se
2362 2285 2421 2338 in

225 2362 1178 2502 ,Ἆῗιῗῖὸωᾞέἶῗὲαὲἕῗὲῗξᾜῗιὲἐ
1202 2374 1311 2478 ..233
1351 2356 1616 2478 ξέἓὲῖιῗὲι
1662 2354 2421 2493 ἕξῗὲἐὲωᾏῗέῗέῶῖἳέῗᾶ

238 2495 521 2559 vareturl,
553 2509 656 2547 nec
687 2509 795 2546 non
827 2493 939 2547 alia
971 2494 1059 2547 vel
1092 2511 1157 2548 ex
1189 2509 1310 2563 pro·
1352 2492 1622 2545 dederunt
1661 2494 1729 2557 (v.
1772 2490 1903 2544 edit.
1948 2506 2103 2544 meae
2138 2489 2353 2544 Teubn.
2389 2489 2420 2542 I

238 2560 389 2632 logis
424 2561 845 2631 didascaliisque
878 2561 1122 2631 ipsarum
1154 2561 1310 2615 fabu-
1352 2579 1407 2629 p.
1434 2560 1510 2627 7):
1544 2559 1919 2613 tantummodo
1947 2566 2009 2611 ut
2042 2562 2257 2611 ‘nouom
2290 2574 2419 2628 poe-

239 2631 423 2684 larum
448 2630 515 2683 de
539 2629 654 2683 vita
677 2630 905 2684 Terenti
939 2630 1055 2683 erui
1086 2635 1315 2700 possunt
1350 2628 1489 2682 tam’
1523 2630 1713 2681 ‘ueteri
1743 2627 1964 2698 poetae’
1997 2626 2202 2680 Luscio
2234 2626 2419 2679 Lanu-

239 2698 337 2753 vel
369 2697 443 2751 ab
474 2697 600 2751 aliis
633 2698 946 2752 auctoribus
983 2698 1312 2766 referuntur,
1350 2698 1477 2750 vino
1497 2712 1556 2750 se
1587 2696 1865 2766 opponitss.
1906 2695 1996 2749 vel
2021 2696 2160 2748 illud
2188 2695 2421 2748 alicuius

240 2766 460 2821 maiora
499 2773 684 2819 tamen
727 2781 978 2836 quaeque
1037 2767 1154 2821 fere
1204 2783 1313 2820 non
1351 2764 1613 2819 momenti
1646 2770 1745 2833 est,
1779 2764 1824 2817 si
1856 2770 2005 2818 recte
2038 2764 2233 2831 senti0,
2276 2763 2421 2832 quod

242 2840 376 2889 sunt
401 2834 665 2887 eiusmodi
716 2841 778 2887 ut
801 2851 902 2904 pro
927 2840 1076 2888 certo
1104 2851 1172 2889 ac
1196 2834 1313 2888 sine
1353 2833 1671 2888 ‘maliuolus
1698 2839 1858 2886 uetus
1884 2832 2073 2903 poeta’
2098 2832 2420 2885 Terentium
2441 2844 2444 2846 ’

243 2903 596 2957 dubitatione
621 2919 656 2956 a
721 2903 887 2956 rmari
910 2909 1132 2971 queant.
1353 2908 1585 2971 ‘repente
1601 2902 1690 2955 ad
1730 2902 1970 2954 studium
2010 2917 2069 2954 se
2110 2900 2421 2970 adplicasse

315 2972 404 3025 Ac
428 2970 666 3041 primum·
684 2972 907 3041 quidem
939 2972 1007 3025 de
1033 2990 1171 3024 anno
1198 2970 1314 3025 eius
1352 2970 1644 3024 musicum’
1701 2969 1995 3023 dictitabat
2042 2968 2265 3034 (Heaut.
2315 2969 2417 3034 23).

242 3041 421 3094 natali
457 3039 770 3111 ambigitur.
836 3056 980 3093 anno
1020 3040 1124 3093 594
1155 3057 1210 3093 u.
1248 3056 1313 3105 c.,
1353 3055 1532 3108 neque
1552 3038 1695 3092 enim
1707 3037 2419 3106 quiadulescentiammodo

240 3110 282 3162 i.
329 3125 378 3162 e.
433 3112 583 3178 ‘post
623 3109 800 3161 editas
839 3126 930 3161 sex
970 3108 1314 3175 comoedias,'
1354 3107 1632 3178 ingressus
1652 3106 1986 3160 comoediam
2005 3104 2245 3159 scribere
2257 3122 2421 3158 ausus

242 3177 490 3231 nondum
512 3176 637 3246 plus
660 3176 859 3247 viginti
882 3176 1122 3246 quinque
1146 3193 1316 3229 annos
1355 3182 1456 3243 est,
1477 3175 1753 3245 ‘repente’
1771 3174 1830 3227 id
1848 3173 2033 3227 facere
2049 3174 2168 3228 iure
2189 3174 2420 3240 dicatur,

244 3262 375 3298 eum
391 3249 581 3297 natum
597 3244 765 3298 fuisse
778 3244 1068 3298 Suetonius
1080 3244 1315 3314 Nepote,
1355 3244 1454 3298 sed
1499 3243 1682 3314 potius
1725 3242 1775 3296 is
1821 3243 1918 3311 qui
1958 3242 2270 3313 praeteritis
2311 3243 2423 3294 iam

28 3337 31 3350 ⁵
242 3312 465 3380 Porcio,
491 3311 634 3381 aliie,
657 3318 721 3366 ut
742 3313 975 3382 videtur,
1002 3313 1316 3367 auctoribus
1356 3311 1513 3365 annis
1558 3311 1768 3381 primae
1827 3310 2105 3365 scribendi
2158 3310 2420 3365 exercita-

32 3380 548 3455 (Jesscffi‘gmemoriae
581 3379 814 3434 tradit2:
847 3397 991 3435 anno
1022 3381 1195 3452 igitur
1216 3381 1317 3434 569
1355 3380 1520 3433 tionis
1545 3380 1616 3433 ad
1639 3380 1751 3432 tale
1777 3380 2015 3433 studium
2035 3384 2421 3448 certamenque

242 3455 413 3503 natus
456 3464 575 3502 esse
614 3450 893 3519 putandus
924 3449 1012 3504 sit.
1079 3450 1177 3504 sed
1206 3449 1316 3503 iam
1357 3449 1572 3502 delatus
1606 3453 1703 3501 est.
1754 3464 1876 3502 cum
1907 3447 2152 3518 Sauppio
2182 3447 2353 3518 igitur
2383 3448 2420 3499 1.

1358 3535 1403 3570 c.
1439 3516 1680 3569 natalem
1705 3516 1932 3570 Terenti
1965 3534 2184 3585 annum,
2216 3516 2422 3585 quippe

298 3594 322 3631 1
350 3592 485 3630 Hane
506 3590 735 3639 antiquam
753 3589 875 3629 vitae
893 3588 1240 3639 enarrationem,
1261 3600 1319 3629 ne
1358 3602 1521 3655 quem
1544 3585 1865 3655 ignorarent
1897 3591 2021 3655 post
2045 3586 2160 3639 eius
2185 3590 2424 3637 aetatem

242 3640 1182 3740 222¹„2¹33?‘i’nffisssse‘ffissffiussffd‘mm’
1211 3642 1318 3690 ¹¹³⁸¹⁸
1357 3652 1605 3706 homines
1647 3653 1811 3720 docti,
1855 3670 1920 3706 ex
1960 3653 2103 3708 falsa
2144 3669 2260 3706 com
2266 3659 2423 3722 puta-

294 3747 321 3786 s
351 3744 404 3785 c.
424 3745 476 3783 L.
496 3745 617 3784 Roth
644 3744 747 3791 (nh.
775 3745 890 3783 Mus.
918 3743 1003 3783 ΧΠ
1029 3744 1104 3783 182
1132 3741 1246 3792 sqq.)
1275 3746 1319 3782 et
1356 3722 1507 3774 tione
1548 3720 1786 3790 positum
1818 3721 2092 3803 fixumque
2128 3737 2246 3774 esse
2281 3720 2424 3774 arbi-

239 3795 425 3837 mtschl
445 3792 556 3846 (vit.
568 3795 671 3834 Ter.
691 3795 742 3833 ln
761 3794 883 3835 Suet.
897 3794 966 3833 ed.
978 3794 1318 3834 Reifferscheid.
1357 3797 1589 3857 transm-3
1639 3805 1760 3842 cum
1808 3807 1952 3842 emm
1992 3790 2146 3843 filum
2190 3790 2425 3842 amicum

239 3844 885 3949 ἒῷιδῑξέᾳὲἆᾱῗιὲξιῗᾶἶέἐπῖ
899 3846 1318 3946 ffiffgussqssess'gss
1358 3862 1419 3912 P.
1446 3860 1705 3926 Scipionis
1729 3859 1979 3925 Africani
2008 3860 2222 3911 minoris
2256 3858 2426 3911 fuisse

240 3951 446 3991 fioribus
482 3949 614 3988 libris
650 3946 922 3996 tricesimum)
949 3948 1186 3998 legendum
1222 3958 1320 3986 esse

241 4002 502 4043 evicerunt.
564 4009 831 4049 quamquam
875 3999 1104 4038 fatendum
1149 4002 1216 4038 est
1257 3999 1319 4037 m
1410 4000 1435 4038 8
1462 3999 1625 4038 Heaut.
1660 3998 1709 4038 51
1738 4009 1802 4047 sq.
1839 3998 2074 4037 Ambivius
2108 3998 2318 4048 prolog-us
2355 3996 2428 4036 vel

243 4054 455 4094 cesimum
482 4052 531 4101 (1.
553 4061 591 4090 e.
619 4049 733 4100 tric.)
760 4050 972 4099 perfacile
1000 4051 1049 4090 in
1074 4050 1322 4090 m'cesimum
1361 4061 1461 4089 cum
1492 4051 1704 4099 despectu
1732 4050 1924 4098 quodam
1954 4047 2214 4089 adversarios
2241 4049 2427 4089 Terenti

245 4105 449 4146 transire
468 4102 681 4153 potuisse.
1360 4105 1411 4141 ut
1429 4100 1440 4122 ‘
1452 4100 1811 4141 adulescentulos’
1830 4101 2028 4140 denotat.

970 4184 1604 4307 ‘'mfflwss
