2792 4617
499 266 544 331 4
1184 278 1377 334 VITA
1412 278 1667 335 ΤΕΒΕΝ
1670 280 1748 334 TI

500 399 791 470 temptiore
839 398 1070 469 uestitu,
1119 398 1378 453 subsellio
1426 398 1578 453 iuxta
1616 399 1877 468 lectulum
1925 401 2168 457 residens
2208 401 2425 474 leg1sse‚
2434 405 2509 445 ed
2514 406 2577 444 R·

501 491 628 557 post
658 500 864 556 paucos
886 500 1020 538 uero
1052 500 1243 538 uersus
1273 484 1539 539 inuitatus
1571 489 1633 538 ut
1665 486 2014 540 accumberet
2046 503 2268 541 cenasse
2299 504 2427 558 una,
2443 468 2492 506 p
2512 458 2571 497 ²⁹

503 572 632 627 dein
677 577 862 626 cetera
908 569 1310 640 percucurrisse
1366 588 1477 623 non
1522 570 1640 624 sine
1686 587 1889 643 magna
1930 570 2152 627 Caecilii
2196 573 2429 628 admira-

500 657 664 713 tione.
735 661 793 710 et
822 656 967 709 hanc
1004 661 1188 710 autem
1231 660 1287 710 et
1325 657 1567 726 quinque
1608 656 1847 725 reliquas
1889 659 2190 727 aequaliter
2228 660 2431 730 populo
2464 676 2495 717 5

434 742 470 797 5
501 741 785 813 probauit}
842 741 1093 811 quamuis
1138 741 1433 796 Volcacius
1486 743 1542 794 in
1588 741 2017 797 dinumeratione
2066 744 2305 799 omnium
2350 744 2432 799 ita

501 825 734 882 scribat:

611 926 648 987 †
685 918 944 975 Sumetur
967 919 1193 990 Hecyra
1215 922 1369 972 sexta
1391 933 1459 971 ex
1480 917 1568 972 his
1590 917 1799 972 fabula.

501 1015 801 1071 Eunuchus
849 1013 1072 1084 quidem
1114 1011 1200 1066 bis
1249 1012 1497 1082 deinceps
1537 1017 1663 1067 acta
1704 1017 1789 1067 est
1828 1014 2134 1085 meruitque
2180 1017 2433 1087 pretium,

507 1106 771 1172 quantum
811 1099 963 1153 nulla
1003 1102 1168 1153 antea
1208 1098 1531 1167 cuiusquam
1572 1098 1879 1169 comoedia,
1919 1100 1980 1154 id
2013 1106 2097 1155 est
2127 1108 2249 1155 octo
2281 1104 2436 1158 milia

401 1188 470 1244 10
489 1203 808 1276 υιιιιιιιιιιιιιιι;
835 1188 1144 1270 propterea
1154 1200 1366 1237 summa
1389 1200 1607 1254 quoque
1630 1185 1791 1238 titulo
1816 1185 2123 1240 ascribitur.
2172 1194 2435 1223 *****
2468 1207 2525 1246 ιο

451 1258 635 1411 {3422}st
671 1256 1071 1405 Αξεξὶιξιεὲιιξιιξ
1091 1269 1421 1340 principium
1452 1271 1632 1326 Varro
1672 1270 1840 1326 etiam
1878 1271 2125 1342 praefert
2163 1273 2433 1345 principio
2458 1302 2505 1341 p
2525 1293 2583 1332 so

568 1357 812 1411 θιιειιᾶέι.
1075 1388 1123 1402 --

577 1451 768 1522 ·Ν,οιι
789 1450 1053 1523 obscurat
1084 1448 1265 1521 fama
1275 1453 1360 1503 est
1400 1450 1649 1503 adiutum
1684 1449 2005 1505 Terentium
2045 1451 2105 1505 in
2145 1452 2362 1523 scriptis
2402 1470 2438 1507 a

262 1512 280 1527 ⁰
301 1512 332 1560 ⁶·
383 1491 712 1604 {3:1235156
735 1529 794 1604 qt
825 1535 1119 1620 &apione
1081 1569 1146 1616 1
1130 1538 1377 1619 «iamque
1418 1535 1540 1606 ipse
1574 1535 1726 1589 auxit
1766 1553 2062 1607 numquam
2100 1537 2208 1592 nisi
2241 1539 2438 1594 leuiter

325 1578 353 1621 ζ
385 1607 472 1679 '1'5
504 1605 748 1679 refutare
774 1626 1018 1691 conatus,
1042 1619 1143 1675 ut
1125 1638 1186 1673 m
1208 1620 1437 1693 prologo
1460 1621 1863 1691 Adelphorum:

575 1726 720 1781 Nam
744 1722 891 1794 quod
914 1723 1007 1777 isti
1032 1724 1225 1777 dicunt
1245 1722 1521 1792 maleuoli,
1546 1724 1792 1777 homines
1816 1721 2015 1779 nobilis
2472 1742 2503 1786 r,

575 1811 740 1863 Hunc
763 1806 1016 1863 adiutare
1041 1806 1382 1879 adsidueque
1408 1826 1519 1863 una
1542 1807 1806 1864 scribere:

577 1895 737 1959 Quod
760 1892 844 1948 illi
868 1893 1220 1948 maledictum
1242 1893 1542 1949 uehemens
1567 1910 1687 1949 esse
1712 1891 2058 1965 existumant,

575 1980 716 2034 Eam
739 1976 961 2033 laudem
982 1977 1075 2032 hic
1099 1978 1251 2033 ducit
1272 1976 1599 2050 maxumam,
1626 1996 1785 2050 quom
1808 1977 1921 2035 illis
1944 1982 2146 2052 placet,

405 2068 476 2122 20
579 2065 688 2130 Qui
709 2063 870 2119 uobis
892 2061 1164 2119 uniudrsis
1189 2069 1245 2118 et
1267 2063 1474 2135 populo
1498 2066 1737 2136 placent,

579 2150 822 2215 Quorum
844 2145 1014 2219 dpera
1036 2149 1094 2202 in
1119 2148 1282 2219 bello,
1306 2150 1367 2203 in
1390 2148 1521 2219 otio,
1544 2150 1603 2203 in
1626 2148 1850 2221 negotio
2479 2173 2531 2213 10

580 2236 690 2292 Suo
713 2232 947 2305 quisque
971 2240 1217 2305 tempore
1240 2231 1398 2289 usust
1420 2235 1538 2289 sine
1563 2234 1841 2307 superbia.

508 2341 729 2394 uidetur
759 2343 942 2391 autem
975 2353 1034 2391 se
1067 2336 1244 2392 leuius
1277 2338 1618 2407 defendisse,
1660 2340 1792 2409 quia
1823 2337 2035 2393 sciebat
2076 2344 2133 2394 et
2162 2339 2357 2394 Laelio
2388 2345 2445 2395 et

514 2424 758 2495 Scipioni
779 2439 890 2477 non
910 2423 1188 2493 ingratam
1212 2438 1331 2477 esse
1353 2423 1499 2478 hanc
1523 2424 1857 2494 opinionem:
1885 2441 2026 2495 quae
2049 2428 2165 2479 tum
2188 2425 2365 2497 magis
2389 2430 2446 2479 et

407 2513 478 2568 25
509 2528 686 2581 usque
720 2510 792 2564 ad
825 2509 1130 2580 posteriora
1161 2512 1415 2578 tempora
1444 2509 1635 2563 ualuit.
1708 2507 1769 2563 G.
1794 2510 2087 2564 Memmius
2117 2510 2177 2563 in
2200 2510 2445 2565 oratione
2475 2530 2532 2572 15

511 2614 610 2668 pro
652 2612 711 2650 se
751 2595 841 2649 ιΡ.
885 2594 1226 2663 Africanus‚’
1266 2594 1471 2664 inquit,
1507 2598 1567 2649 ‘a
1598 2594 1862 2649 Terentio
1901 2612 2190 2665 personam
2225 2602 2441 2651 mutua·
2466 2626 2512 2666 p.
2531 2618 2585 2658 31

512 2688 618 2750 tus,
651 2697 792 2751 quae
825 2680 974 2734 domi
1004 2680 1210 2733 luserat
1238 2680 1379 2749 ipse,
1411 2679 1630 2734 nomine
1661 2679 1809 2734 illius
1835 2679 1894 2733 in
1927 2696 2182 2735 scaenam
2214 2682 2445 2735 detulit.’

512 2767 702 2837 Nepos
749 2770 970 2819 auctore
1017 2770 1165 2818 certo
1216 2764 1544 2834 comperisse
1600 2782 1659 2819 se
1714 2766 1817 2833 ait,
1867 2765 1927 2820 O.
1976 2765 2228 2820 Laelium
2274 2783 2443 2837 quon-

515 2853 642 2905 dam
693 2850 753 2904 in
796 2850 1104 2904 Puteolano
1157 2848 1411 2903 kalendis
1473 2849 1689 2903 Martiis
1744 2851 2080 2905 admonitum
2134 2852 2205 2906 ab
2258 2868 2443 2921 uxore,

412 2939 482 2993 30
513 2934 811 3006 temperius
857 2940 921 2988 ut
961 2934 1343 3002 discumberet,
1389 2934 1594 3004 petisse
1636 2934 1708 2989 ab
1750 2952 1817 2990 ea
1862 2952 1932 2989 ne
1977 2937 2442 3007 interpellaretur3

515 3037 744 3091 seroque
788 3019 1014 3075 tandem
1057 3020 1364 3090 ingressum
1409 3017 1705 3073 triclinium
1755 3020 1960 3075 'dixisse
2014 3038 2122 3075 non
2176 3038 2340 3093 saepe
2385 3022 2444 3076 in
2478 3042 2505 3083 5

515 3106 804 3161 scribendo
841 3104 1022 3177 magis
1063 3105 1168 3159 sibi
1209 3103 1560 3173 successisse3
1608 3105 1806 3160 deinde
1847 3110 2097 3178 rogatum
2138 3112 2201 3162 ut
2242 3107 2445 3179 scripta

512 3193 611 3246 illa
642 3191 938 3261 proferret,
979 3190 1359 3261 pronuntiasse
1399 3206 1591 3245 uersus
1626 3192 1723 3259 qui
1762 3197 1889 3245 sunt
1930 3193 1989 3245 in
2027 3192 2442 3248 Heautontimo-

514 3292 767 3331 rumeno:

413 3363 482 3419 35
586 3361 731 3417 Satis
753 3358 851 3432 pol
872 3366 1128 3432 proterue
1152 3357 1242 3414 me
1268 3359 1394 3431 Syri
1416 3360 1685 3432 promissa
1708 3363 1815 3416 huc
1839 3359 2183 3417 induxerunt.

518 3466 718 3519 Santra
748 3464 1070 3519 Terentium
1103 3463 1395 3533 existimat,
1428 3464 1477 3517 si
1507 3464 1670 3518 modo
1700 3464 1760 3518 in
1792 3463 2081 3519 scribendo
2106 3465 2444 3520 adiutoribus
2479 3489 2532 3529 10

512 3551 840 3621 indiguerit,
874 3567 984 3604 non
1015 3556 1130 3604 tam
1163 3549 1420 3620 Scipione
1455 3555 1512 3604 et
1542 3549 1737 3605 Laelio
1767 3551 1849 3604 uti
1881 3550 2151 3621 potuisse,
2187 3552 2281 3621 qui
2311 3556 2445 3606 tunc

515 3634 914 3690 adulescentuli
930 3635 1151 3704 fuerint,
1163 3650 1325 3704 quam
1337 3635 1395 3689 O.
1411 3634 1655 3705 Sulpicio
1667 3635 1848 3704 Gallo,
1859 3635 2076 3690 homine
2087 3637 2248 3690 docto
2266 3641 2323 3690 et
2338 3652 2443 3706 quo

517 3720 734 3775 consule
751 3720 1146 3789 Meyalensibus
1175 3720 1319 3774 ludis
1345 3720 1563 3774 initium
1580 3721 1890 3775 fabularum
1910 3721 2213 3775 dandarum
2230 3720 2442 3789 fecerit,

411 3809 483 3863 40
515 3808 606 3861 uel
647 3804 711 3869 Q.
755 3805 932 3859 Fabio
966 3806 1230 3859 Labeone
1272 3810 1327 3859 et
1368 3806 1443 3863 M.
1484 3805 1751 3877 Popillio,
1794 3806 2068 3861 consulari
2105 3812 2335 3876 utroque
2376 3823 2442 3861 ac
2468 3839 2512 3877 p.
2532 3829 2584 3869 32

515 3895 697 3963 poeita.
769 3890 896 3945 ideo
943 3890 1124 3961 ipsum
1161 3907 1272 3944 non
1311 3891 1540 3946 iuuenes
1582 3892 1896 3963 designare,
1946 3893 2039 3962 qui
2082 3909 2141 3946 se
2183 3892 2445 3945 adiuuare

520 3978 788 4046 dicantur,
823 3977 919 4031 sed
953 3978 1118 4046 uiros,
1154 3992 1383 4045 quorum
1416 3993 1640 4048 operam
1674 3983 1729 4033 et
1758 3976 1817 4032 in
1840 3978 1988 4032 bello
2014 3977 2148 4032 etin
2172 3977 2283 4031 otio
2308 3982 2364 4031 et
2384 3976 2443 4030 in

517 4062 739 4136 negotio
761 4063 994 4135 populus
1019 4063 1092 4117 sit
1116 4066 1386 4132 expertus,
1454 4119 1459 4122 ,
