2792 4617
2508 3 2675 19 3..„-.⁷--
2710 5 2715 6 ⁷

491 266 612 330 142
1250 278 1661 336 Evachs
2310 279 2382 348 v,
2408 278 2458 333 4.
2487 278 2548 333 5-

657 401 985 487 Quidquid
1020 403 1338 481 factumst,
1375 403 1456 467 ex
1491 413 1554 467 te
1590 424 1727 467 esse
1763 414 1989 469 ortum.
2074 401 2196 466 ΡΑ.
2242 400 2418 481 Quid

1329 497 1525 583 igitur
1559 496 1789 562 faciam
1823 496 2051 561 miser?

655 589 913 673 Quidue
946 589 1280 677 incipiam?
1317 614 1463 657 ecce
1500 592 1711 657 autem
1745 590 1938 659 uideo
1969 591 2115 661 rure
2148 590 2417 656 redeun-
2442 606 2497 649 45

1334 688 1464 750 tem
1500 708 1734 751 senem.

652 778 885 844 Dicam
910 779 1058 844 huic
1082 802 1166 845 an
1191 801 1318 845 non
1345 776 1581 845 dicam?
1614 778 1822 845 dicam
1846 777 2086 856 hercle3
2120 774 2239 844 etsi
2262 775 2419 842 mihi

1330 874 1636 959 magnum
1668 874 1906 938 malum

657 964 807 1032 Scio
839 977 1159 1052 paratum3
1207 967 1320 1031 sed
1357 978 1697 1043 necessest,
1732 966 1883 1032 huic
1918 976 1989 1032 ut
2023 964 2414 1031 subueniam.

1430 1112 1446 1127 .
1629 1085 1702 1127 1s.

350 1171 454 1228 970
653 1155 800 1241 Ego
834 1155 994 1223 abeo
1028 1156 1221 1222 intro:
1257 1060 1468 1316 tu}
1490 1060 1677 1223 {grtia
1701 1179 1887 1223 omne
1914 1154 2153 1234 erdine,
2186 1164 2258 1221 ut
2283 1154 2416 1219 fac-

1330 1263 1356 1316 t
1500 1251 1636 1318 siet.

743 1437 1069 1525 [DnnnA
1108 1470 1188 1500 eeu
1231 1436 1650 1525 lumnam]
1770 1439 2175 1505 PAnnmzo

1075 1547 1266 1591 snum
1846 1546 2071 1591 suavos

489 1625 598 1691 SE.
652 1625 757 1691 Ex
791 1628 931 1690 mee
965 1627 1319 1712 propinquo
1352 1627 1500 1690 rure
1534 1625 1656 1691 hoc
1690 1625 1873 1713 capio
1908 1624 2248 1692 cemmodi:
2412 1644 2469 1694 v,
2489 1644 2517 1685 5

653 1720 879 1804 Neque
915 1722 1053 1806 agri
1086 1743 1293 1804 neque
1330 1721 1507 1785 urbis
1541 1720 1755 1785 edium
1796 1743 1900 1786 me
1934 1743 2237 1805 umquam
2271 1722 2415 1806 per-

1329 1814 1501 1899 cipit.

653 1909 785 1975 Vbi
819 1908 1009 1974 satias
1045 1907 1252 1995 coepit
1285 1909 1448 1987 fieri,
1485 1911 1801 1975 commute
1838 1909 2064 1973 locum.

655 2000 790 2070 Sed
823 2013 996 2069 estne
1030 2004 1135 2069 ille
1168 2014 1383 2068 noster
1410 2003 1763 2069 Parmeno?
1797 2013 1862 2069 et
1896 2013 2064 2068 certe
2094 2004 2269 2088 ipsus
2296 2011 2411 2069 est.

347 2113 451 2169 975
654 2097 865 2179 Quem
897 2097 1300 2184 praestolare,
1335 2098 1671 2174 ParmenO,
1705 2097 1810 2163 hic
1843 2109 1989 2163 ante
2024 2097 2293 2161 estium?
2463 2117 2491 2157 5

482 2192 603 2256 ΡΑ.
650 2191 814 2273 Quis
866 2191 1151 2257 homest?
1212 2191 1424 2270 ehem,
1488 2193 1731 2257 saluom
1782 2202 1845 2257 te
1897 2191 2223 2270 aduenire,
2283 2213 2411 2270 ere,

763 2310 767 2313 ’
1372 2285 1593 2350 aude0.

486 2377 594 2444 Sn.
648 2377 860 2460 Quem
886 2381 1305 2466 praestolare?
1324 2309 1486 2444 8ΡΑ.
1524 2379 1723 2445 Perii:
1750 2379 1971 2464 lingua
1994 2379 2213 2444 haeret
2235 2388 2425 2447 metu.

484 2472 591 2540 SE.
648 2473 825 2555 Quid
859 2476 953 2539 est
988 2474 1160 2558 quod
1193 2473 1508 2560 trepidas?
1544 2473 1746 2539 satine
1780 2473 1994 2539 salue?
2030 2472 2131 2538 dic
2164 2473 2336 2539 mihi.

480 2564 600 2632 ΡΑ.
643 2567 793 2643 Ere,
829 2570 1101 2653 primum
1137 2579 1200 2633 te
1235 2568 1525 2633 arbitrari
1558 2568 1628 2632 id
1660 2568 1829 2652 quod
1862 2590 1963 2633 res
1999 2569 2094 2633 est
2127 2568 2350 2633 uelim:

344 2678 448 2733 980
651 2661 980 2745 Quidquid
1005 2660 1193 2726 huius
1220 2662 1539 2739 factumst,
1561 2662 1746 2747 qupa
1772 2683 1899 2725 non
1924 2661 2221 2727 factumst
2248 2683 2407 2728 mea.
2438 2682 2492 2721 ιο

483 2753 591 2820 Su.
647 2754 863 2838 Quid?
946 2755 1068 2820 PA.
1115 2756 1314 2821 Recte
1350 2779 1502 2821 sane
1536 2754 1963 2840 interrogasti:
2000 2756 2277 2841 opertuit

646 2850 812 2915 Rem
847 2851 1287 2935 praenarrasse
1320 2872 1444 2914 me.
1517 2848 1667 2913 emit
1701 2848 2017 2932 quendam
2051 2848 2371 2914 Phaedria

647 2942 1063 3021 Eunuchum,
1108 2966 1299 3028 quem
1343 2943 1508 3007 dono
1552 2941 1700 3006 huic
1744 2943 1939 3008 daret.
2028 2940 2138 3007 Su.
2199 2941 2410 3025 Quoi?

1320 3036 1441 3100 ΡΑ.
1487 3036 1737 3101 Thaidi.
2392 3111 2395 3115 ,

482 3131 590 3198 Su.
642 3130 855 3196 Emit?
890 3130 1048 3217 perii
1083 3129 1313 3196 hercle.
1383 3130 1641 3213 quanti?
1724 3129 1845 3194 ΡΑ.
1886 3128 2134 3215 Viginti
2166 3130 2373 3197 minis.

344 3244 446 3300 985
482 3225 588 3292 Sn.
639 3226 956 3290 Actumst.
1018 3222 1137 3290 ΡΑ.
1173 3225 1344 3290 Tum
1370 3223 1692 3308 quandam
1715 3223 2043 3290 fidicinam
2068 3235 2239 3290 amat
2264 3225 2411 3292 hinc
2437 3245 2491 3286 15

1012 3339 1019 3346 ·
1067 3344 1072 3350 ·
1322 3314 1631 3385 Chaerea.

480 3411 589 3481 Su.
643 3415 844 3492 Hem,
881 3412 1073 3497 quid?
1108 3413 1316 3478 amat?
1352 3436 1438 3477 an
1471 3413 1590 3478 scit
1623 3411 1753 3477 iam
1785 3411 1891 3478 ille
1926 3410 2079 3497 quid
2112 3414 2411 3479 meretrix

1321 3505 1474 3572 siet?

644 3602 756 3666 An
789 3600 857 3665 in
891 3603 1034 3666 astu
1069 3601 1283 3667 uenit?
1318 3599 1494 3667 aliud
1529 3622 1610 3666 ex
1645 3598 1768 3666 alie
1803 3597 2069 3667 malum!

477 3697 597 3762 ΡΑ.
641 3694 792 3772 Ere,
825 3696 907 3759 ne
942 3717 1045 3761 me
1080 3705 1354 3781 spectesz
1392 3717 1494 3762 me
1528 3694 1850 3779 inpulsore
1884 3695 2041 3760 haec
2073 3693 2203 3761 nen
2237 3694 2408 3762 facit.

480 3791 588 3858 ΞΕ.
649 3788 897 3856 Omitte
931 3791 1012 3857 de
1048 3803 1112 3857 te
1147 3791 1375 3857 dicere.
1448 3812 1570 3876 ego
1605 3800 1688 3866 te,
1724 3788 2001 3867 furcifer,

342 3903 443 3958 990
648 3884 721 3952 Si
763 3888 915 3951 uiuo
950 3933 970 3954 .
1005 3931 1026 3954 .
1062 3884 1081 3953 1
1129 3885 1241 3951 sed
1274 3886 1459 3963 istuc,
1503 3883 1811 3968 quidquid
1845 3894 1958 3962 est,
1994 3883 2269 3970 primum
2302 3886 2415 3950 ex·-
2440 3905 2496 3946 20

1322 3979 1488 4066 pedi.

477 4076 596 4141 ΡΑ.
641 4076 708 4143 Is
735 4098 850 4165 pro
875 4075 985 4141 sslo
1015 4075 1303 4142 eunucho
1332 4075 1413 4142 ad
1433 4073 1743 4140 Thaidem
1770 4071 1935 4140 hanc
1963 4072 2270 4140 deductus
2299 4083 2412 4142 est.
