<?xml version="1.0" encoding="UTF-8"?>
<!DOCTYPE html PUBLIC "-//W3C//DTD XHTML 1.0 Transitional//EN"
    "http://www.w3.org/TR/xhtml1/DTD/xhtml1-transitional.dtd">
<html xmlns="http://www.w3.org/1999/xhtml" xml:lang="en" lang="en">
 <head>
  <title>
</title>
<meta http-equiv="Content-Type" content="text/html;charset=utf-8" />
  <meta name='ocr-system' content='tesseract 3.04.00' />
  <meta name='ocr-capabilities' content='ocr_page ocr_carea ocr_par ocr_line ocrx_word'/>
</head>
<body>
  <div class='ocr_page' id='page_1' title='image "./pterentiafricom01dziagoog_0294.png"; bbox 0 0 2792 4617; ppageno 0'>
   <div class='ocr_carea' id='block_1_1' title="bbox 2377 9 2760 120">
    <p class='ocr_par' dir='ltr' id='par_1_1' title="bbox 2377 9 2760 120">
     <span class='ocr_line' id='line_1_1' title="bbox 2377 9 2760 31; baseline 0 -18"><span class='ocrx_word' id='word_1_1' title='bbox 2377 9 2434 21; x_wconf 27' lang='lat' dir='ltr'>r-&#39;ffl</span> <span class='ocrx_word' id='word_1_2' title='bbox 2757 19 2760 31; x_wconf 47' lang='grc' dir='ltr'>Ι</span> 
     </span>
     <span class='ocr_line' id='line_1_2' title="bbox 2443 12 2642 61; baseline 0 -12"><span class='ocrx_word' id='word_1_3' title='bbox 2443 52 2452 61; x_wconf 34' lang='grc' dir='ltr'><strong><em>ἢ</em></strong></span> <span class='ocrx_word' id='word_1_4' title='bbox 2467 12 2490 53; x_wconf 53' lang='grc' dir='ltr'>ξ</span> <span class='ocrx_word' id='word_1_5' title='bbox 2537 12 2580 49; x_wconf 69' lang='lat'>&#39;²</span> <span class='ocrx_word' id='word_1_6' title='bbox 2599 12 2642 61; x_wconf 63' lang='grc' dir='ltr'>ι</span> 
     </span>
     <span class='ocr_line' id='line_1_3' title="bbox 2421 92 2592 120; baseline 0 -19"><span class='ocrx_word' id='word_1_7' title='bbox 2421 100 2439 120; x_wconf 74' lang='grc' dir='ltr'><strong><em>Ι</em></strong></span> <span class='ocrx_word' id='word_1_8' title='bbox 2581 92 2592 101; x_wconf 80' lang='grc' dir='ltr'>ιι</span> 
     </span>
    </p>
   </div>
   <div class='ocr_carea' id='block_1_2' title="bbox 558 287 2601 383">
    <p class='ocr_par' dir='ltr' id='par_1_2' title="bbox 558 287 2601 383">
     <span class='ocr_line' id='line_1_4' title="bbox 558 287 2601 383; baseline 0.004 -24"><span class='ocrx_word' id='word_1_9' title='bbox 558 294 696 360; x_wconf 81' lang='lat'>224&#39;</span> <span class='ocrx_word' id='word_1_10' title='bbox 803 287 806 291; x_wconf 84' lang='grc'><strong><em>’</em></strong></span> <span class='ocrx_word' id='word_1_11' title='bbox 1367 309 1677 366; x_wconf 79' lang='lat' dir='ltr'><strong>HEOYRA</strong></span> <span class='ocrx_word' id='word_1_12' title='bbox 2434 312 2541 383; x_wconf 88' lang='lat' dir='ltr'>1v,</span> <span class='ocrx_word' id='word_1_13' title='bbox 2564 313 2601 367; x_wconf 82' lang='lat'>4</span> 
     </span>
    </p>
   </div>
   <div class='ocr_carea' id='block_1_3' title="bbox 410 417 2570 4164">
    <p class='ocr_par' dir='ltr' id='par_1_3' title="bbox 410 417 2570 4164">
     <span class='ocr_line' id='line_1_5' title="bbox 556 417 2271 519; baseline 0.002 -23"><span class='ocrx_word' id='word_1_14' title='bbox 556 433 664 499; x_wconf 71' lang='grc' dir='ltr'>ΡΛ.</span> <span class='ocrx_word' id='word_1_15' title='bbox 713 432 993 498; x_wconf 72' lang='lat' dir='ltr'>Mutatio</span> <span class='ocrx_word' id='word_1_16' title='bbox 1026 433 1115 499; x_wconf 84' lang='lat' dir='ltr'>fit.</span> <span class='ocrx_word' id='word_1_17' title='bbox 1185 433 1299 500; x_wconf 68' lang='lat' dir='ltr'>Pa.</span> <span class='ocrx_word' id='word_1_18' title='bbox 1333 417 1433 499; x_wconf 77' lang='lat' dir='ltr'>Ea</span> <span class='ocrx_word' id='word_1_19' title='bbox 1468 456 1584 498; x_wconf 90' lang='lat' dir='ltr'>nos</span> <span class='ocrx_word' id='word_1_20' title='bbox 1618 434 1963 519; x_wconf 71' lang='lat' dir='ltr'>perturbat,</span> <span class='ocrx_word' id='word_1_21' title='bbox 2001 433 2271 501; x_wconf 88' lang='lat' dir='ltr'>Laches.</span> 
     </span>
     <span class='ocr_line' id='line_1_6' title="bbox 556 525 2421 612; baseline 0.002 -21"><span class='ocrx_word' id='word_1_22' title='bbox 556 526 675 592; x_wconf 73' lang='grc' dir='ltr'>ΡΑ.</span> <span class='ocrx_word' id='word_1_23' title='bbox 729 525 910 591; x_wconf 90' lang='lat' dir='ltr'>Dum</span> <span class='ocrx_word' id='word_1_24' title='bbox 942 527 1023 591; x_wconf 78' lang='grc'>116</span> <span class='ocrx_word' id='word_1_25' title='bbox 1058 525 1421 604; x_wconf 81' lang='lat' dir='ltr'><strong>redducam,</strong></span> <span class='ocrx_word' id='word_1_26' title='bbox 1457 528 1711 592; x_wconf 70' lang='lat' dir='ltr'>turbent</span> <span class='ocrx_word' id='word_1_27' title='bbox 1744 550 1930 612; x_wconf 91' lang='lat' dir='ltr'>porro</span> <span class='ocrx_word' id='word_1_28' title='bbox 1968 533 2161 612; x_wconf 75' lang='lat' dir='ltr'>quam</span> <span class='ocrx_word' id='word_1_29' title='bbox 2203 529 2421 595; x_wconf 84' lang='lat' dir='ltr'>uelint.</span> 
     </span>
     <span class='ocr_line' id='line_1_7' title="bbox 419 618 2342 709; baseline 0.003 -25"><span class='ocrx_word' id='word_1_30' title='bbox 419 635 522 691; x_wconf 83' lang='lat'>635</span> <span class='ocrx_word' id='word_1_31' title='bbox 556 620 675 689; x_wconf 73' lang='lat' dir='ltr'>Pu.</span> <span class='ocrx_word' id='word_1_32' title='bbox 721 620 886 706; x_wconf 88' lang='lat' dir='ltr'>Ego,</span> <span class='ocrx_word' id='word_1_33' title='bbox 920 618 1277 705; x_wconf 72' lang='lat' dir='ltr'>Pamphile,</span> <span class='ocrx_word' id='word_1_34' title='bbox 1316 643 1453 685; x_wconf 91' lang='lat' dir='ltr'>esse</span> <span class='ocrx_word' id='word_1_35' title='bbox 1487 621 1653 686; x_wconf 74' lang='lat' dir='ltr'>inter</span> <span class='ocrx_word' id='word_1_36' title='bbox 1684 643 1821 699; x_wconf 91' lang='lat' dir='ltr'>nos,</span> <span class='ocrx_word' id='word_1_37' title='bbox 1859 622 1912 686; x_wconf 91' lang='lat' dir='ltr'>si</span> <span class='ocrx_word' id='word_1_38' title='bbox 1947 623 2082 687; x_wconf 84' lang='lat' dir='ltr'>fieri</span> <span class='ocrx_word' id='word_1_39' title='bbox 2114 633 2342 709; x_wconf 78' lang='lat' dir='ltr'>potest,</span> 
     </span>
     <span class='ocr_line' id='line_1_8' title="bbox 728 714 2148 800; baseline 0.002 -22"><span class='ocrx_word' id='word_1_40' title='bbox 728 714 1149 780; x_wconf 81' lang='lat' dir='ltr'>Adfluitatem</span> <span class='ocrx_word' id='word_1_41' title='bbox 1184 714 1347 780; x_wconf 89' lang='lat' dir='ltr'>hanc</span> <span class='ocrx_word' id='word_1_42' title='bbox 1381 717 1532 779; x_wconf 69' lang='lat' dir='ltr'>sane</span> <span class='ocrx_word' id='word_1_43' title='bbox 1566 719 1935 800; x_wconf 58' lang='lat' dir='ltr'>perpetuAm</span> <span class='ocrx_word' id='word_1_44' title='bbox 1970 718 2148 795; x_wconf 88' lang='lat' dir='ltr'>uolo;</span> 
     </span>
     <span class='ocr_line' id='line_1_9' title="bbox 725 808 2570 887; baseline 0.001 -14"><span class='ocrx_word' id='word_1_45' title='bbox 725 808 838 874; x_wconf 90' lang='lat' dir='ltr'>Sin</span> <span class='ocrx_word' id='word_1_46' title='bbox 873 811 968 873; x_wconf 68' lang='lat' dir='ltr'>cst</span> <span class='ocrx_word' id='word_1_47' title='bbox 1003 818 1072 872; x_wconf 91' lang='lat' dir='ltr'>ut</span> <span class='ocrx_word' id='word_1_48' title='bbox 1109 808 1288 873; x_wconf 89' lang='lat' dir='ltr'>aliter</span> <span class='ocrx_word' id='word_1_49' title='bbox 1320 809 1431 873; x_wconf 72' lang='lat' dir='ltr'>tua</span> <span class='ocrx_word' id='word_1_50' title='bbox 1464 811 1583 872; x_wconf 72' lang='lat' dir='ltr'>ista</span> <span class='ocrx_word' id='word_1_51' title='bbox 1620 811 1699 873; x_wconf 83' lang='lat' dir='ltr'>sit</span> <span class='ocrx_word' id='word_1_52' title='bbox 1725 809 2053 887; x_wconf 69' lang='lat' dir='ltr'>sententia,</span> <span class='ocrx_word' id='word_1_53' title='bbox 2514 826 2570 869; x_wconf 78' lang='lat'>1⁵</span> 
     </span>
     <span class='ocr_line' id='line_1_10' title="bbox 723 900 2439 990; baseline 0 -24"><span class='ocrx_word' id='word_1_54' title='bbox 723 903 1019 987; x_wconf 83' lang='lat' dir='ltr'><strong>Accipias</strong></span> <span class='ocrx_word' id='word_1_55' title='bbox 1054 924 1341 987; x_wconf 90' lang='lat' dir='ltr'>puerum.</span> <span class='ocrx_word' id='word_1_56' title='bbox 1420 901 1541 966; x_wconf 80' lang='grc' dir='ltr'>ΡΑ.</span> <span class='ocrx_word' id='word_1_57' title='bbox 1580 900 1793 967; x_wconf 76' lang='lat' dir='ltr'>Sensit</span> <span class='ocrx_word' id='word_1_58' title='bbox 1826 904 2171 990; x_wconf 80' lang='lat' dir='ltr'>peperisse:</span> <span class='ocrx_word' id='word_1_59' title='bbox 2218 902 2439 969; x_wconf 77' lang='lat' dir='ltr'>occidi.</span> 
     </span>
     <span class='ocr_line' id='line_1_11' title="bbox 554 996 2484 1081; baseline 0 -21"><span class='ocrx_word' id='word_1_60' title='bbox 554 996 676 1062; x_wconf 76' lang='lat' dir='ltr'>LA.</span> <span class='ocrx_word' id='word_1_61' title='bbox 720 996 1038 1062; x_wconf 68' lang='lat' dir='ltr'>Puerum?</span> <span class='ocrx_word' id='word_1_62' title='bbox 1097 1017 1289 1079; x_wconf 89' lang='lat' dir='ltr'>quem</span> <span class='ocrx_word' id='word_1_63' title='bbox 1338 998 1644 1081; x_wconf 61' lang='lat' dir='ltr'>puerum}&gt;</span> <span class='ocrx_word' id='word_1_64' title='bbox 1721 997 1843 1062; x_wconf 69' lang='lat' dir='ltr'>Pu.</span> <span class='ocrx_word' id='word_1_65' title='bbox 1895 997 2101 1063; x_wconf 72' lang='lat' dir='ltr'>Natus</span> <span class='ocrx_word' id='word_1_66' title='bbox 2154 1008 2248 1062; x_wconf 88' lang='lat' dir='ltr'>est</span> <span class='ocrx_word' id='word_1_67' title='bbox 2300 997 2484 1062; x_wconf 84' lang='lat' dir='ltr'>nobis</span> 
     </span>
     <span class='ocr_line' id='line_1_12' title="bbox 1402 1112 1618 1175; baseline 0 -21"><span class='ocrx_word' id='word_1_68' title='bbox 1402 1112 1618 1175; x_wconf 89' lang='lat' dir='ltr'>nepos.</span> 
     </span>
     <span class='ocr_line' id='line_1_13' title="bbox 417 1183 2273 1270; baseline -0.002 -16"><span class='ocrx_word' id='word_1_69' title='bbox 417 1198 521 1254; x_wconf 83' lang='lat'>640</span> <span class='ocrx_word' id='word_1_70' title='bbox 722 1184 889 1249; x_wconf 90' lang='lat' dir='ltr'>Nam</span> <span class='ocrx_word' id='word_1_71' title='bbox 925 1183 1197 1248; x_wconf 73' lang='lat' dir='ltr'>abducta</span> <span class='ocrx_word' id='word_1_72' title='bbox 1235 1207 1271 1248; x_wconf 87' lang='lat' dir='ltr'>a</span> <span class='ocrx_word' id='word_1_73' title='bbox 1314 1183 1497 1249; x_wconf 90' lang='lat' dir='ltr'>uobis</span> <span class='ocrx_word' id='word_1_74' title='bbox 1533 1184 1844 1270; x_wconf 72' lang='lat' dir='ltr'>praegnas</span> <span class='ocrx_word' id='word_1_75' title='bbox 1878 1185 2087 1250; x_wconf 84' lang='lat' dir='ltr'>fuerat</span> <span class='ocrx_word' id='word_1_76' title='bbox 2119 1185 2273 1262; x_wconf 81' lang='lat' dir='ltr'>fllia,</span> 
     </span>
     <span class='ocr_line' id='line_1_14' title="bbox 721 1278 2488 1363; baseline 0 -21"><span class='ocrx_word' id='word_1_77' title='bbox 721 1278 948 1361; x_wconf 90' lang='lat' dir='ltr'>Neque</span> <span class='ocrx_word' id='word_1_78' title='bbox 976 1278 1172 1343; x_wconf 83' lang='lat' dir='ltr'>fuisse</span> <span class='ocrx_word' id='word_1_79' title='bbox 1198 1288 1608 1363; x_wconf 84' lang='lat' dir='ltr'>praegnatem</span> <span class='ocrx_word' id='word_1_80' title='bbox 1632 1279 1936 1362; x_wconf 72' lang='lat' dir='ltr'>{unquam</span> <span class='ocrx_word' id='word_1_81' title='bbox 1964 1289 2109 1344; x_wconf 89' lang='lat' dir='ltr'>ante</span> <span class='ocrx_word' id='word_1_82' title='bbox 2135 1279 2304 1344; x_wconf 92' lang='lat' dir='ltr'>hunc</span> <span class='ocrx_word' id='word_1_83' title='bbox 2329 1278 2488 1344; x_wconf 82' lang='lat' dir='ltr'>sciui</span> 
     </span>
     <span class='ocr_line' id='line_1_15' title="bbox 1404 1371 1591 1436; baseline 0 -1"><span class='ocrx_word' id='word_1_84' title='bbox 1404 1371 1591 1436; x_wconf 88' lang='lat' dir='ltr'>diem.</span> 
     </span>
     <span class='ocr_line' id='line_1_16' title="bbox 551 1466 2565 1553; baseline 0 -22"><span class='ocrx_word' id='word_1_85' title='bbox 551 1467 674 1534; x_wconf 76' lang='lat' dir='ltr'>LA.</span> <span class='ocrx_word' id='word_1_86' title='bbox 719 1466 918 1542; x_wconf 88' lang='lat' dir='ltr'>Bene,</span> <span class='ocrx_word' id='word_1_87' title='bbox 954 1469 1043 1530; x_wconf 77' lang='lat' dir='ltr'>ita</span> <span class='ocrx_word' id='word_1_88' title='bbox 1076 1487 1178 1531; x_wconf 89' lang='grc'><strong>1116</strong></span> <span class='ocrx_word' id='word_1_89' title='bbox 1215 1466 1279 1530; x_wconf 88' lang='lat' dir='ltr'>di</span> <span class='ocrx_word' id='word_1_90' title='bbox 1314 1482 1546 1544; x_wconf 89' lang='lat' dir='ltr'>ament,</span> <span class='ocrx_word' id='word_1_91' title='bbox 1583 1466 1855 1544; x_wconf 73' lang='lat' dir='ltr'>nuntias,</span> <span class='ocrx_word' id='word_1_92' title='bbox 1895 1477 1956 1531; x_wconf 92' lang='lat' dir='ltr'>et</span> <span class='ocrx_word' id='word_1_93' title='bbox 1993 1467 2241 1553; x_wconf 72' lang='lat' dir='ltr'>gaudeo</span> <span class='ocrx_word' id='word_1_94' title='bbox 2510 1485 2565 1525; x_wconf 72' lang='lat'>20</span> 
     </span>
     <span class='ocr_line' id='line_1_17' title="bbox 718 1550 2485 1644; baseline -0.002 -18"><span class='ocrx_word' id='word_1_95' title='bbox 718 1561 957 1626; x_wconf 86' lang='lat' dir='ltr'>Natum</span> <span class='ocrx_word' id='word_1_96' title='bbox 1021 1561 1200 1625; x_wconf 87' lang='lat' dir='ltr'>filum</span> <span class='ocrx_word' id='word_1_97' title='bbox 1268 1571 1332 1626; x_wconf 85' lang='lat' dir='ltr'>et</span> <span class='ocrx_word' id='word_1_98' title='bbox 1394 1561 1511 1625; x_wconf 82' lang='lat' dir='ltr'>tibi</span> <span class='ocrx_word' id='word_1_99' title='bbox 1570 1560 1744 1625; x_wconf 90' lang='lat' dir='ltr'>illam</span> <span class='ocrx_word' id='word_1_100' title='bbox 1808 1550 2090 1627; x_wconf 60' lang='lat' dir='ltr'>saluam.¹</span> <span class='ocrx_word' id='word_1_101' title='bbox 2158 1561 2270 1628; x_wconf 90' lang='lat' dir='ltr'>sed</span> <span class='ocrx_word' id='word_1_102' title='bbox 2330 1560 2485 1644; x_wconf 88' lang='lat' dir='ltr'>quid</span> 
     </span>
     <span class='ocr_line' id='line_1_18' title="bbox 1394 1654 1674 1719; baseline 0 -1"><span class='ocrx_word' id='word_1_103' title='bbox 1394 1654 1674 1719; x_wconf 71' lang='lat' dir='ltr'>mulieris</span> 
     </span>
     <span class='ocr_line' id='line_1_19' title="bbox 718 1748 2345 1833; baseline -0.001 -18"><span class='ocrx_word' id='word_1_104' title='bbox 718 1750 998 1815; x_wconf 76' lang='lat' dir='ltr'>onrem</span> <span class='ocrx_word' id='word_1_105' title='bbox 1033 1748 1230 1814; x_wconf 87' lang='lat' dir='ltr'>habes</span> <span class='ocrx_word' id='word_1_106' title='bbox 1267 1760 1376 1814; x_wconf 85' lang='lat' dir='ltr'>aut</span> <span class='ocrx_word' id='word_1_107' title='bbox 1413 1749 1644 1833; x_wconf 80' lang='lat' dir='ltr'>quibus</span> <span class='ocrx_word' id='word_1_108' title='bbox 1679 1760 1987 1814; x_wconf 86' lang='lat' dir='ltr'>moratam</span> <span class='ocrx_word' id='word_1_109' title='bbox 2030 1749 2345 1816; x_wconf 77' lang='lat' dir='ltr'>moribus?</span> 
     </span>
     <span class='ocr_line' id='line_1_20' title="bbox 412 1843 2206 1928; baseline -0.002 -17"><span class='ocrx_word' id='word_1_110' title='bbox 412 1858 515 1911; x_wconf 85' lang='lat'>645</span> <span class='ocrx_word' id='word_1_111' title='bbox 717 1844 934 1908; x_wconf 84' lang='lat' dir='ltr'>Nosne</span> <span class='ocrx_word' id='word_1_112' title='bbox 968 1844 1091 1909; x_wconf 75' lang='lat' dir='ltr'>hoc</span> <span class='ocrx_word' id='word_1_113' title='bbox 1134 1845 1367 1910; x_wconf 85' lang='lat' dir='ltr'>celatos</span> <span class='ocrx_word' id='word_1_114' title='bbox 1405 1847 1534 1908; x_wconf 72' lang='lat' dir='ltr'>tam</span> <span class='ocrx_word' id='word_1_115' title='bbox 1572 1843 1708 1908; x_wconf 80' lang='lat' dir='ltr'>diu!</span> <span class='ocrx_word' id='word_1_116' title='bbox 1753 1845 1996 1928; x_wconf 77' lang='lat' dir='ltr'>nequeo</span> <span class='ocrx_word' id='word_1_117' title='bbox 2036 1844 2206 1920; x_wconf 88' lang='lat' dir='ltr'>satis,</span> 
     </span>
     <span class='ocr_line' id='line_1_21' title="bbox 719 1936 2438 2024; baseline 0.001 -23"><span class='ocrx_word' id='word_1_118' title='bbox 719 1936 933 2020; x_wconf 83' lang='lat' dir='ltr'>Quam</span> <span class='ocrx_word' id='word_1_119' title='bbox 968 1938 1090 2003; x_wconf 92' lang='lat' dir='ltr'>hoc</span> <span class='ocrx_word' id='word_1_120' title='bbox 1123 1938 1278 2003; x_wconf 79' lang='lat' dir='ltr'>m1hi</span> <span class='ocrx_word' id='word_1_121' title='bbox 1313 1938 1568 2002; x_wconf 86' lang='lat' dir='ltr'>uidetur</span> <span class='ocrx_word' id='word_1_122' title='bbox 1601 1937 1841 2003; x_wconf 73' lang='lat' dir='ltr'>factum</span> <span class='ocrx_word' id='word_1_123' title='bbox 1877 1961 2092 2023; x_wconf 87' lang='lat' dir='ltr'>praue,</span> <span class='ocrx_word' id='word_1_124' title='bbox 2130 1938 2438 2024; x_wconf 77' lang='lat' dir='ltr'>proloqui.</span> 
     </span>
     <span class='ocr_line' id='line_1_22' title="bbox 547 2030 2563 2118; baseline -0 -21"><span class='ocrx_word' id='word_1_125' title='bbox 547 2033 668 2097; x_wconf 74' lang='lat' dir='ltr'>Pu.</span> <span class='ocrx_word' id='word_1_126' title='bbox 713 2032 778 2097; x_wconf 92' lang='lat' dir='ltr'>N</span> <span class='ocrx_word' id='word_1_127' title='bbox 779 2054 861 2096; x_wconf 94' lang='lat' dir='ltr'>on</span> <span class='ocrx_word' id='word_1_128' title='bbox 904 2032 1019 2096; x_wconf 83' lang='lat' dir='ltr'>tibi</span> <span class='ocrx_word' id='word_1_129' title='bbox 1064 2030 1220 2097; x_wconf 90' lang='lat' dir='ltr'>illud</span> <span class='ocrx_word' id='word_1_130' title='bbox 1263 2031 1503 2096; x_wconf 88' lang='lat' dir='ltr'>factum</span> <span class='ocrx_word' id='word_1_131' title='bbox 1557 2035 1761 2098; x_wconf 79' lang='lat' dir='ltr'>minus</span> <span class='ocrx_word' id='word_1_132' title='bbox 1813 2033 2021 2118; x_wconf 86' lang='lat' dir='ltr'>placet</span> <span class='ocrx_word' id='word_1_133' title='bbox 2062 2054 2253 2118; x_wconf 87' lang='lat' dir='ltr'>quam</span> <span class='ocrx_word' id='word_1_134' title='bbox 2305 2033 2481 2110; x_wconf 73' lang='lat' dir='ltr'>mihi,</span> <span class='ocrx_word' id='word_1_135' title='bbox 2508 2050 2563 2091; x_wconf 76' lang='lat'>2⁵</span> 
     </span>
     <span class='ocr_line' id='line_1_23' title="bbox 1393 2125 1667 2192; baseline 0.011 -3"><span class='ocrx_word' id='word_1_136' title='bbox 1393 2125 1667 2192; x_wconf 85' lang='lat' dir='ltr'>Laches.</span> 
     </span>
     <span class='ocr_line' id='line_1_24' title="bbox 546 2217 2312 2306; baseline -0.001 -20"><span class='ocrx_word' id='word_1_137' title='bbox 546 2221 667 2286; x_wconf 75' lang='grc' dir='ltr'>ΡΑ.</span> <span class='ocrx_word' id='word_1_138' title='bbox 722 2220 942 2297; x_wconf 41' lang='lat' dir='ltr'>Etiam,</span> <span class='ocrx_word' id='word_1_139' title='bbox 972 2219 1025 2284; x_wconf 89' lang='lat' dir='ltr'>si</span> <span class='ocrx_word' id='word_1_140' title='bbox 1060 2217 1302 2284; x_wconf 91' lang='lat' dir='ltr'>dudum</span> <span class='ocrx_word' id='word_1_141' title='bbox 1336 2219 1547 2284; x_wconf 71' lang='lat' dir='ltr'>fuerat</span> <span class='ocrx_word' id='word_1_142' title='bbox 1583 2219 1949 2306; x_wconf 85' lang='lat' dir='ltr'>ambiguom</span> <span class='ocrx_word' id='word_1_143' title='bbox 1983 2220 2106 2286; x_wconf 79' lang='lat' dir='ltr'>hoc</span> <span class='ocrx_word' id='word_1_144' title='bbox 2139 2221 2312 2298; x_wconf 91' lang='lat' dir='ltr'>mihi,</span> 
     </span>
     <span class='ocr_line' id='line_1_25' title="bbox 716 2313 2435 2400; baseline 0 -20"><span class='ocrx_word' id='word_1_145' title='bbox 716 2315 780 2380; x_wconf 87' lang='lat' dir='ltr'>N</span> <span class='ocrx_word' id='word_1_146' title='bbox 781 2338 906 2380; x_wconf 91' lang='lat' dir='ltr'>unc</span> <span class='ocrx_word' id='word_1_147' title='bbox 943 2313 1074 2379; x_wconf 76' lang='lat' dir='ltr'>non</span> <span class='ocrx_word' id='word_1_148' title='bbox 1109 2324 1223 2391; x_wconf 82' lang='lat' dir='ltr'>est,</span> <span class='ocrx_word' id='word_1_149' title='bbox 1261 2336 1453 2398; x_wconf 89' lang='lat' dir='ltr'>quom</span> <span class='ocrx_word' id='word_1_150' title='bbox 1492 2336 1632 2379; x_wconf 87' lang='lat' dir='ltr'>eam</span> <span class='ocrx_word' id='word_1_151' title='bbox 1669 2315 1951 2398; x_wconf 76' lang='lat' dir='ltr'>sequitur</span> <span class='ocrx_word' id='word_1_152' title='bbox 1985 2315 2226 2380; x_wconf 73' lang='lat' dir='ltr'>alienus</span> <span class='ocrx_word' id='word_1_153' title='bbox 2260 2337 2435 2400; x_wconf 89' lang='lat' dir='ltr'>puer.</span> 
     </span>
     <span class='ocr_line' id='line_1_26' title="bbox 410 2408 2258 2494; baseline 0 -21"><span class='ocrx_word' id='word_1_154' title='bbox 410 2432 514 2486; x_wconf 81' lang='lat'>650</span> <span class='ocrx_word' id='word_1_155' title='bbox 545 2409 669 2475; x_wconf 75' lang='lat' dir='ltr'>LA.</span> <span class='ocrx_word' id='word_1_156' title='bbox 713 2409 778 2474; x_wconf 88' lang='lat' dir='ltr'>N</span> <span class='ocrx_word' id='word_1_157' title='bbox 777 2409 909 2474; x_wconf 73' lang='lat' dir='ltr'>ulla</span> <span class='ocrx_word' id='word_1_158' title='bbox 942 2409 1076 2485; x_wconf 86' lang='lat' dir='ltr'>tibi,</span> <span class='ocrx_word' id='word_1_159' title='bbox 1111 2408 1469 2494; x_wconf 85' lang='lat' dir='ltr'>Pamphile,</span> <span class='ocrx_word' id='word_1_160' title='bbox 1507 2408 1609 2474; x_wconf 84' lang='lat' dir='ltr'>hic</span> <span class='ocrx_word' id='word_1_161' title='bbox 1642 2409 1769 2474; x_wconf 87' lang='lat' dir='ltr'>iam</span> <span class='ocrx_word' id='word_1_162' title='bbox 1804 2410 2258 2473; x_wconf 72' lang='lat' dir='ltr'>consultatiost.</span> 
     </span>
     <span class='ocr_line' id='line_1_27' title="bbox 542 2501 2452 2588; baseline -0.001 -20"><span class='ocrx_word' id='word_1_163' title='bbox 542 2503 663 2568; x_wconf 84' lang='lat' dir='ltr'>PA.</span> <span class='ocrx_word' id='word_1_164' title='bbox 716 2503 908 2569; x_wconf 88' lang='lat' dir='ltr'>Perii.</span> <span class='ocrx_word' id='word_1_165' title='bbox 986 2501 1111 2568; x_wconf 67' lang='lat' dir='ltr'>LA.</span> <span class='ocrx_word' id='word_1_166' title='bbox 1147 2503 1343 2567; x_wconf 70' lang='lat' dir='ltr'>Hunc</span> <span class='ocrx_word' id='word_1_167' title='bbox 1377 2503 1596 2567; x_wconf 89' lang='lat' dir='ltr'>uidere</span> <span class='ocrx_word' id='word_1_168' title='bbox 1632 2504 1821 2588; x_wconf 76' lang='lat' dir='ltr'>saepe</span> <span class='ocrx_word' id='word_1_169' title='bbox 1858 2503 2230 2588; x_wconf 71' lang='lat' dir='ltr'>optabamus</span> <span class='ocrx_word' id='word_1_170' title='bbox 2266 2503 2452 2580; x_wconf 86' lang='lat' dir='ltr'>diem,</span> 
     </span>
     <span class='ocr_line' id='line_1_28' title="bbox 714 2596 2561 2682; baseline -0.002 -21"><span class='ocrx_word' id='word_1_171' title='bbox 714 2596 929 2677; x_wconf 82' lang='lat' dir='ltr'>Quom</span> <span class='ocrx_word' id='word_1_172' title='bbox 954 2619 1033 2661; x_wconf 86' lang='lat' dir='ltr'>ex</span> <span class='ocrx_word' id='word_1_173' title='bbox 1060 2607 1122 2662; x_wconf 84' lang='lat' dir='ltr'>te</span> <span class='ocrx_word' id='word_1_174' title='bbox 1151 2598 1316 2661; x_wconf 72' lang='lat' dir='ltr'>esset</span> <span class='ocrx_word' id='word_1_175' title='bbox 1343 2597 1591 2679; x_wconf 89' lang='lat' dir='ltr'>aliquis,</span> <span class='ocrx_word' id='word_1_176' title='bbox 1619 2600 1727 2680; x_wconf 87' lang='lat' dir='ltr'>qui</span> <span class='ocrx_word' id='word_1_177' title='bbox 1756 2608 1818 2660; x_wconf 94' lang='lat' dir='ltr'>te</span> <span class='ocrx_word' id='word_1_178' title='bbox 1847 2597 2188 2682; x_wconf 74' lang='lat' dir='ltr'>appellaret</span> <span class='ocrx_word' id='word_1_179' title='bbox 2213 2609 2477 2682; x_wconf 88' lang='lat' dir='ltr'>patrem.</span> <span class='ocrx_word' id='word_1_180' title='bbox 2505 2617 2561 2658; x_wconf 72' lang='lat' dir='ltr'>ao</span> 
     </span>
     <span class='ocr_line' id='line_1_29' title="bbox 715 2690 2322 2776; baseline 0.001 -21"><span class='ocrx_word' id='word_1_181' title='bbox 715 2691 978 2755; x_wconf 75' lang='lat' dir='ltr'>Euenit:</span> <span class='ocrx_word' id='word_1_182' title='bbox 1013 2690 1216 2755; x_wconf 85' lang='lat' dir='ltr'>habeo</span> <span class='ocrx_word' id='word_1_183' title='bbox 1252 2692 1521 2776; x_wconf 69' lang='lat' dir='ltr'>gratiam</span> <span class='ocrx_word' id='word_1_184' title='bbox 1560 2691 1674 2757; x_wconf 82' lang='lat' dir='ltr'>dis.</span> <span class='ocrx_word' id='word_1_185' title='bbox 1745 2690 1861 2755; x_wconf 83' lang='lat' dir='ltr'>PA.</span> <span class='ocrx_word' id='word_1_186' title='bbox 1899 2690 2129 2755; x_wconf 68' lang='lat' dir='ltr'>Nullus</span> <span class='ocrx_word' id='word_1_187' title='bbox 2164 2714 2322 2756; x_wconf 89' lang='lat' dir='ltr'>sum.</span> 
     </span>
     <span class='ocr_line' id='line_1_30' title="bbox 548 2784 2157 2850; baseline -0.001 -1"><span class='ocrx_word' id='word_1_188' title='bbox 548 2785 670 2849; x_wconf 77' lang='lat' dir='ltr'>LA.</span> <span class='ocrx_word' id='word_1_189' title='bbox 716 2785 1013 2850; x_wconf 73' lang='lat' dir='ltr'>Redduce</span> <span class='ocrx_word' id='word_1_190' title='bbox 1049 2807 1312 2848; x_wconf 87' lang='lat' dir='ltr'>uxorem</span> <span class='ocrx_word' id='word_1_191' title='bbox 1349 2807 1424 2849; x_wconf 90' lang='lat' dir='ltr'>ac</span> <span class='ocrx_word' id='word_1_192' title='bbox 1458 2784 1591 2848; x_wconf 75' lang='lat' dir='ltr'>noli</span> <span class='ocrx_word' id='word_1_193' title='bbox 1627 2785 1953 2849; x_wconf 79' lang='lat' dir='ltr'>aduersari</span> <span class='ocrx_word' id='word_1_194' title='bbox 1987 2785 2157 2848; x_wconf 89' lang='lat' dir='ltr'>mihi.</span> 
     </span>
     <span class='ocr_line' id='line_1_31' title="bbox 410 2877 2060 2955; baseline -0.005 -6"><span class='ocrx_word' id='word_1_195' title='bbox 410 2893 512 2949; x_wconf 86' lang='lat'>655</span> <span class='ocrx_word' id='word_1_196' title='bbox 546 2879 664 2943; x_wconf 73' lang='grc' dir='ltr'>ΡΑ.</span> <span class='ocrx_word' id='word_1_197' title='bbox 718 2879 930 2955; x_wconf 74' lang='lat' dir='ltr'>Pater,</span> <span class='ocrx_word' id='word_1_198' title='bbox 967 2879 1020 2943; x_wconf 91' lang='lat' dir='ltr'>si</span> <span class='ocrx_word' id='word_1_199' title='bbox 1055 2901 1135 2944; x_wconf 87' lang='lat' dir='ltr'>ex</span> <span class='ocrx_word' id='word_1_200' title='bbox 1169 2901 1271 2943; x_wconf 91' lang='lat' dir='ltr'>me</span> <span class='ocrx_word' id='word_1_201' title='bbox 1304 2879 1415 2943; x_wconf 88' lang='lat' dir='ltr'>illa</span> <span class='ocrx_word' id='word_1_202' title='bbox 1448 2879 1678 2943; x_wconf 83' lang='lat' dir='ltr'>liberos</span> <span class='ocrx_word' id='word_1_203' title='bbox 1712 2878 1905 2943; x_wconf 70' lang='lat' dir='ltr'>uellet</span> <span class='ocrx_word' id='word_1_204' title='bbox 1940 2877 2060 2942; x_wconf 90' lang='lat' dir='ltr'>sibi</span> 
     </span>
     <span class='ocr_line' id='line_1_32' title="bbox 717 2972 2306 3058; baseline -0.001 -20"><span class='ocrx_word' id='word_1_205' title='bbox 717 2974 851 3038; x_wconf 92' lang='lat' dir='ltr'>Aut</span> <span class='ocrx_word' id='word_1_206' title='bbox 889 2975 955 3037; x_wconf 74' lang='lat' dir='ltr'>se</span> <span class='ocrx_word' id='word_1_207' title='bbox 993 2995 1128 3038; x_wconf 90' lang='lat' dir='ltr'>esse</span> <span class='ocrx_word' id='word_1_208' title='bbox 1163 2995 1413 3037; x_wconf 89' lang='lat' dir='ltr'>mecum</span> <span class='ocrx_word' id='word_1_209' title='bbox 1448 2973 1733 3058; x_wconf 72' lang='lat' dir='ltr'>nuptam,</span> <span class='ocrx_word' id='word_1_210' title='bbox 1768 2972 1920 3036; x_wconf 80' lang='lat' dir='ltr'>satis</span> <span class='ocrx_word' id='word_1_211' title='bbox 1956 2973 2122 3037; x_wconf 75' lang='lat' dir='ltr'>certo</span> <span class='ocrx_word' id='word_1_212' title='bbox 2156 2973 2306 3050; x_wconf 88' lang='lat' dir='ltr'>scio,</span> 
     </span>
     <span class='ocr_line' id='line_1_33' title="bbox 717 3066 2560 3153; baseline -0.002 -22"><span class='ocrx_word' id='word_1_213' title='bbox 717 3068 863 3131; x_wconf 93' lang='lat' dir='ltr'>Non</span> <span class='ocrx_word' id='word_1_214' title='bbox 900 3067 1062 3131; x_wconf 68' lang='lat' dir='ltr'>clam</span> <span class='ocrx_word' id='word_1_215' title='bbox 1099 3090 1200 3132; x_wconf 90' lang='lat' dir='ltr'>me</span> <span class='ocrx_word' id='word_1_216' title='bbox 1235 3067 1498 3131; x_wconf 86' lang='lat' dir='ltr'>haberet</span> <span class='ocrx_word' id='word_1_217' title='bbox 1532 3066 1706 3149; x_wconf 78' lang='lat' dir='ltr'>quod</span> <span class='ocrx_word' id='word_1_218' title='bbox 1740 3066 1975 3131; x_wconf 88' lang='lat' dir='ltr'>celasse</span> <span class='ocrx_word' id='word_1_219' title='bbox 2011 3066 2327 3153; x_wconf 75' lang='lat' dir='ltr'>intellego.</span> <span class='ocrx_word' id='word_1_220' title='bbox 2504 3087 2560 3128; x_wconf 75' lang='lat'>35</span> 
     </span>
     <span class='ocr_line' id='line_1_34' title="bbox 715 3159 2477 3243; baseline -0.001 -17"><span class='ocrx_word' id='word_1_221' title='bbox 715 3160 903 3226; x_wconf 91' lang='lat' dir='ltr'>Nunc</span> <span class='ocrx_word' id='word_1_222' title='bbox 955 3182 1148 3243; x_wconf 91' lang='lat' dir='ltr'>quom</span> <span class='ocrx_word' id='word_1_223' title='bbox 1209 3161 1342 3224; x_wconf 73' lang='lat' dir='ltr'>eius</span> <span class='ocrx_word' id='word_1_224' title='bbox 1407 3159 1681 3224; x_wconf 88' lang='lat' dir='ltr'>alienum</span> <span class='ocrx_word' id='word_1_225' title='bbox 1741 3163 1781 3223; x_wconf 76' lang='lat' dir='ltr'>a</span> <span class='ocrx_word' id='word_1_226' title='bbox 1841 3182 1944 3225; x_wconf 91' lang='lat' dir='ltr'>me</span> <span class='ocrx_word' id='word_1_227' title='bbox 2004 3183 2140 3226; x_wconf 83' lang='lat' dir='ltr'>esse</span> <span class='ocrx_word' id='word_1_228' title='bbox 2197 3161 2477 3226; x_wconf 88' lang='lat' dir='ltr'>animum</span> 
     </span>
     <span class='ocr_line' id='line_1_35' title="bbox 1394 3253 1661 3317; baseline 0.004 0"><span class='ocrx_word' id='word_1_229' title='bbox 1394 3253 1661 3317; x_wconf 71' lang='lat' dir='ltr'>sentiam</span> 
     </span>
     <span class='ocr_line' id='line_1_36' title="bbox 715 3346 2356 3432; baseline -0.001 -19"><span class='ocrx_word' id='word_1_230' title='bbox 715 3348 877 3430; x_wconf 90' lang='lat' dir='ltr'>(Nec</span> <span class='ocrx_word' id='word_1_231' title='bbox 912 3349 1363 3412; x_wconf 75' lang='lat' dir='ltr'>conuenturum</span> <span class='ocrx_word' id='word_1_232' title='bbox 1402 3348 1564 3411; x_wconf 74' lang='lat' dir='ltr'>inter</span> <span class='ocrx_word' id='word_1_233' title='bbox 1597 3369 1711 3412; x_wconf 91' lang='lat' dir='ltr'>nos</span> <span class='ocrx_word' id='word_1_234' title='bbox 1747 3346 2009 3432; x_wconf 89' lang='lat' dir='ltr'>posthac</span> <span class='ocrx_word' id='word_1_235' title='bbox 2043 3347 2356 3431; x_wconf 76' lang='lat' dir='ltr'>arbitror),</span> 
     </span>
     <span class='ocr_line' id='line_1_37' title="bbox 412 3440 2478 3524; baseline 0.001 -19"><span class='ocrx_word' id='word_1_236' title='bbox 412 3451 516 3505; x_wconf 87' lang='grc'>660</span> <span class='ocrx_word' id='word_1_237' title='bbox 720 3441 932 3523; x_wconf 78' lang='lat' dir='ltr'>Quam</span> <span class='ocrx_word' id='word_1_238' title='bbox 967 3442 1049 3506; x_wconf 92' lang='lat' dir='ltr'>ob</span> <span class='ocrx_word' id='word_1_239' title='bbox 1084 3445 1217 3506; x_wconf 69' lang='lat' dir='ltr'>rem</span> <span class='ocrx_word' id='word_1_240' title='bbox 1251 3442 1633 3506; x_wconf 84' lang='lat' dir='ltr'>redducam?</span> <span class='ocrx_word' id='word_1_241' title='bbox 1684 3441 1807 3505; x_wconf 72' lang='lat' dir='ltr'>LA.</span> <span class='ocrx_word' id='word_1_242' title='bbox 1835 3440 2049 3505; x_wconf 76' lang='lat' dir='ltr'>Mater</span> <span class='ocrx_word' id='word_1_243' title='bbox 2075 3443 2247 3524; x_wconf 88' lang='lat' dir='ltr'>quod</span> <span class='ocrx_word' id='word_1_244' title='bbox 2282 3445 2478 3508; x_wconf 81' lang='lat' dir='ltr'>suasit</span> 
     </span>
     <span class='ocr_line' id='line_1_38' title="bbox 1392 3559 1527 3611; baseline -0.007 -11"><span class='ocrx_word' id='word_1_245' title='bbox 1392 3559 1527 3611; x_wconf 88' lang='lat' dir='ltr'>sua,</span> 
     </span>
     <span class='ocr_line' id='line_1_39' title="bbox 716 3627 2349 3696; baseline -0.002 0"><span class='ocrx_word' id='word_1_246' title='bbox 716 3628 1112 3696; x_wconf 74' lang='lat' dir='ltr'>Adulescens</span> <span class='ocrx_word' id='word_1_247' title='bbox 1148 3629 1372 3693; x_wconf 88' lang='lat' dir='ltr'>mulier</span> <span class='ocrx_word' id='word_1_248' title='bbox 1407 3627 1576 3692; x_wconf 69' lang='lat' dir='ltr'>fecit.</span> <span class='ocrx_word' id='word_1_249' title='bbox 1645 3627 2083 3693; x_wconf 66' lang='lat' dir='ltr'>mirandumne</span> <span class='ocrx_word' id='word_1_250' title='bbox 2116 3628 2184 3692; x_wconf 88' lang='lat' dir='ltr'>id</span> <span class='ocrx_word' id='word_1_251' title='bbox 2219 3630 2349 3693; x_wconf 84' lang='lat' dir='ltr'>est?</span> 
     </span>
     <span class='ocr_line' id='line_1_40' title="bbox 717 3721 2554 3808; baseline -0.001 -20"><span class='ocrx_word' id='word_1_252' title='bbox 717 3722 972 3788; x_wconf 70' lang='lat' dir='ltr'>Censen</span> <span class='ocrx_word' id='word_1_253' title='bbox 1005 3735 1066 3788; x_wconf 86' lang='lat' dir='ltr'>te</span> <span class='ocrx_word' id='word_1_254' title='bbox 1102 3745 1285 3808; x_wconf 91' lang='lat' dir='ltr'>posse</span> <span class='ocrx_word' id='word_1_255' title='bbox 1320 3722 1590 3806; x_wconf 71' lang='lat' dir='ltr'>reperire</span> <span class='ocrx_word' id='word_1_256' title='bbox 1626 3721 1819 3784; x_wconf 84' lang='lat' dir='ltr'>ullam</span> <span class='ocrx_word' id='word_1_257' title='bbox 1854 3722 2200 3800; x_wconf 73' lang='lat' dir='ltr'>mulierem,</span> <span class='ocrx_word' id='word_1_258' title='bbox 2500 3743 2554 3786; x_wconf 81' lang='lat'>40</span> 
     </span>
     <span class='ocr_line' id='line_1_41' title="bbox 717 3816 2373 3901; baseline 0 -19"><span class='ocrx_word' id='word_1_259' title='bbox 717 3818 902 3898; x_wconf 77' lang='lat' dir='ltr'>Quae</span> <span class='ocrx_word' id='word_1_260' title='bbox 937 3818 1146 3881; x_wconf 74' lang='lat' dir='ltr'>careat</span> <span class='ocrx_word' id='word_1_261' title='bbox 1181 3818 1406 3901; x_wconf 80' lang='lat' dir='ltr'>culpa?</span> <span class='ocrx_word' id='word_1_262' title='bbox 1441 3839 1523 3879; x_wconf 91' lang='lat' dir='ltr'>an</span> <span class='ocrx_word' id='word_1_263' title='bbox 1558 3817 1669 3897; x_wconf 81' lang='lat' dir='ltr'>qui</span> <span class='ocrx_word' id='word_1_264' title='bbox 1702 3837 1830 3878; x_wconf 90' lang='lat' dir='ltr'>non</span> <span class='ocrx_word' id='word_1_265' title='bbox 1867 3816 2184 3880; x_wconf 71' lang='lat' dir='ltr'>delincl&#39;mt</span> <span class='ocrx_word' id='word_1_266' title='bbox 2217 3816 2373 3882; x_wconf 85' lang='lat' dir='ltr'>uiri?</span> 
     </span>
     <span class='ocr_line' id='line_1_42' title="bbox 549 3908 2278 3994; baseline -0.002 -17"><span class='ocrx_word' id='word_1_267' title='bbox 549 3913 667 3980; x_wconf 72' lang='lat' dir='ltr'>Pu.</span> <span class='ocrx_word' id='word_1_268' title='bbox 713 3911 978 3977; x_wconf 76' lang='lat' dir='ltr'>Vosmet</span> <span class='ocrx_word' id='word_1_269' title='bbox 1011 3908 1221 3974; x_wconf 89' lang='lat' dir='ltr'>uidete</span> <span class='ocrx_word' id='word_1_270' title='bbox 1257 3910 1404 3986; x_wconf 75' lang='lat' dir='ltr'>iam,</span> <span class='ocrx_word' id='word_1_271' title='bbox 1441 3908 1691 3974; x_wconf 90' lang='lat' dir='ltr'>Laches</span> <span class='ocrx_word' id='word_1_272' title='bbox 1728 3919 1790 3972; x_wconf 90' lang='lat' dir='ltr'>et</span> <span class='ocrx_word' id='word_1_273' title='bbox 1824 3919 1894 3973; x_wconf 91' lang='lat' dir='ltr'>tu</span> <span class='ocrx_word' id='word_1_274' title='bbox 1929 3909 2278 3994; x_wconf 72' lang='lat' dir='ltr'>Pamphile,</span> 
     </span>
     <span class='ocr_line' id='line_1_43' title="bbox 413 4003 2301 4088; baseline 0 -20"><span class='ocrx_word' id='word_1_275' title='bbox 413 4013 515 4068; x_wconf 85' lang='lat'>665</span> <span class='ocrx_word' id='word_1_276' title='bbox 717 4005 1050 4070; x_wconf 84' lang='lat' dir='ltr'>Remissan</span> <span class='ocrx_word' id='word_1_277' title='bbox 1085 4025 1243 4088; x_wconf 90' lang='lat' dir='ltr'>opus</span> <span class='ocrx_word' id='word_1_278' title='bbox 1281 4004 1360 4068; x_wconf 88' lang='lat' dir='ltr'>sit</span> <span class='ocrx_word' id='word_1_279' title='bbox 1395 4003 1599 4080; x_wconf 75' lang='lat' dir='ltr'>uobis,</span> <span class='ocrx_word' id='word_1_280' title='bbox 1636 4003 1981 4067; x_wconf 75' lang='lat' dir='ltr'>redductan</span> <span class='ocrx_word' id='word_1_281' title='bbox 2020 4004 2301 4068; x_wconf 87' lang='lat' dir='ltr'>domum:</span> 
     </span>
     <span class='ocr_line' id='line_1_44' title="bbox 715 4097 2551 4164; baseline -0.003 0"><span class='ocrx_word' id='word_1_282' title='bbox 715 4099 959 4164; x_wconf 86' lang='lat' dir='ltr'>Neutra</span> <span class='ocrx_word' id='word_1_283' title='bbox 991 4100 1056 4162; x_wconf 84' lang='lat' dir='ltr'>ln</span> <span class='ocrx_word' id='word_1_284' title='bbox 1090 4120 1158 4162; x_wconf 89' lang='lat' dir='ltr'>re</span> <span class='ocrx_word' id='word_1_285' title='bbox 1194 4098 1376 4162; x_wconf 91' lang='lat' dir='ltr'>uobis</span> <span class='ocrx_word' id='word_1_286' title='bbox 1416 4097 1755 4162; x_wconf 76' lang='lat' dir='ltr'>difficultas</span> <span class='ocrx_word' id='word_1_287' title='bbox 1789 4101 1829 4161; x_wconf 73' lang='lat' dir='ltr'>a</span> <span class='ocrx_word' id='word_1_288' title='bbox 1864 4121 1963 4162; x_wconf 89' lang='lat' dir='ltr'>me</span> <span class='ocrx_word' id='word_1_289' title='bbox 2001 4098 2133 4161; x_wconf 88' lang='lat' dir='ltr'>erit.</span> <span class='ocrx_word' id='word_1_290' title='bbox 2499 4117 2551 4158; x_wconf 69' lang='lat'>45</span> 
     </span>
    </p>
   </div>
  </div>
 </body>
</html>
