2792 4617
192 329 269 400 v,
291 330 325 385 9
1085 326 1436 383 PHORMIO
2106 311 2229 380 193

465 451 845 520 Vinolentus
879 451 1012 518 fere
1047 450 1278 516 abhinc
1312 471 1514 514 annos
1548 448 1904 534 quindecim
1941 448 2196 516 mulier-

1149 545 1359 610 culam

468 640 634 706 Eam
669 638 1056 726 compressit,
1101 640 1272 705 unde
1306 639 1466 704 haee
1501 648 1737 714 natast3
1782 641 1990 723 neque
2024 649 2197 725 post-

1142 734 1252 799 illa
1288 754 1588 816 umquam
1622 732 1849 818 attigit.

215 846 272 886 ³0
467 809 568 893 Ea
609 837 876 894 mortem
918 826 1100 904 obiit,
1145 830 1181 892 e
1226 827 1434 892 medio
1481 826 1661 904 abiit,
1715 828 1825 911 qui
1866 826 1987 892 fuit
2026 825 2095 892 in
2126 848 2197 893 re

1144 920 1265 985 hae
1301 920 1728 1007 serupuluss
1749 917 1756 923 ’

474 1016 686 1098 Quam
739 1016 820 1082 db
873 1038 1008 1081 rem
1058 1025 1123 1082 te
1174 1036 1313 1093 οπο,
1366 1026 1438 1079 ut
1489 1015 1614 1080 alia
1665 1014 1834 1081 faeta
1876 1015 1987 1081 tua
2029 1024 2196 1096 sunt,
2230 1020 2370 1076 1020

1142 1130 1346 1192 aequo
1383 1108 1596 1174 animo
1630 1110 1748 1175 hdo
1783 1108 1967 1175 feras,

295 1205 361 1270 N
360 1228 421 1270 A.
472 1204 645 1286 Quid
689 1226 809 1291 ego
852 1225 1054 1288 aequo
1091 1204 1340 1269 animo?
1383 1203 1569 1289 cupio
1605 1204 1832 1270 misera
1874 1205 1941 1268 in
1975 1204 2094 1269 hae
2127 1227 2196 1270 re

1143 1298 1270 1361 iam
1306 1297 1666 1383 defungier3

467 1391 602 1460 sed
614 1389 722 1478 qui
740 1389 809 1454 id
825 1390 1111 1477 sperem?
1122 1394 1326 1456 aetate
1353 1414 1541 1477 porro
1567 1394 1775 1458 minus
1793 1393 2197 1479 peccaturum

1150 1487 1409 1571 putem?
1447 1505 1456 1515 ·

466 1582 607 1646 Iam
632 1591 768 1645 tum
795 1590 928 1645 erat
957 1582 1169 1656 senex,
1206 1591 1498 1645 senectus
1533 1582 1588 1645 si
1613 1582 1999 1646 uerecundds
2025 1581 2196 1646 facit.

215 1693 272 1735 35
466 1657 578 1739 An
611 1697 756 1741 mea
790 1674 994 1739 forma
1029 1685 1220 1757 atque
1256 1677 1430 1739 aetas
1466 1698 1635 1740 nune
1661 1676 1864 1762 magis
1899 1679 2199 1763 expeten-

1150 1769 1312 1846 dast,
1348 1768 1710 1855 Demipho?

469 1862 645 1944 Quid
679 1862 767 1928 mi
802 1862 906 1927 hie
941 1862 1173 1940 adfers,
1210 1885 1404 1946 quam
1438 1864 1520 1927 db
1554 1887 1688 1929 rem
1724 1874 2053 1949 expectem
2089 1875 2199 1930 aut
2233 1866 2370 1923 1025

1141 1960 1386 2043 sperem
1423 1979 1610 2045 porro
1645 1960 1770 2023 n6n
1806 1959 1978 2023 fore?

295 2054 416 2120 Pa.
460 2036 816 2136 Exsequias
852 2048 1178 2116 Chremeti
1220 2052 1452 2136 quibus
1499 2064 1594 2118 est
1640 2052 2039 2120 odmmodum
2084 2051 2198 2132 ire,

1147 2169 1248 2210 em
1283 2148 1533 2232 tempus
1571 2159 1683 2212 est.

468 2238 579 2307 Sic
622 2239 816 2305 dabo:
862 2262 984 2326 age
1024 2261 1215 2318 nune,
1260 2239 1709 2307 Phdrmionem
1747 2244 1858 2327 qui
1902 2243 2073 2308 uolet
2104 2241 2199 2308 la-

1148 2335 1403 2399 cessito:

468 2429 648 2494 Faxo
683 2427 794 2493 tali
830 2430 912 2493 sit
944 2438 1256 2494 mactatus
1290 2432 1482 2513 atque
1518 2428 1622 2510 hie
1657 2440 1751 2494 est
1784 2429 2146 2496 infortunio,

298 2534 417 2598 DE·
467 2532 504 2567 ὕ
759 2532 796 2567 ὕ
1051 2529 1088 2566 ⁴}
1342 2529 1379 2566 ἃ
1634 2531 1671 2566 ὕ
1925 2531 1962 2567 ¹*

218 2637 273 2680 ιο
297 2621 412 2683 ΡΗ.
459 2618 707 2683 Redeat
751 2638 901 2681 sane
946 2615 1013 2680 in
1064 2615 1335 2702 gratiam
1385 2616 1543 2682 iam:
1598 2617 1866 2703 supplici
1912 2618 2062 2682 satis
2106 2620 2202 2682 est

1144 2710 1320 2775 mihi.

466 2806 683 2870 Habet
717 2803 876 2869 haee
903 2812 965 2869 ei·
997 2804 1188 2889 qued,
1227 2804 1379 2869 dum
1407 2804 1602 2882 uiuat,
1639 2805 1843 2890 usque
1870 2805 1953 2870 ad
1981 2828 2198 2872 aurem
2235 2813 2371 2869 1030

1142 2899 1227 2962 ob
1273 2898 1506 2963 anni-at.

298 2995 420 3061 NA.
464 2973 560 3057 At
593 3015 734 3059 meo
769 2992 992 3058 merito
1029 2921 1272 3057 οιἐξᾶο.ἕ
1292 2993 1445 3076 quid
1476 3014 1597 3078 ego
1625 2994 1792 3057 m'me
1821 3015 2200 3059 commemo-

1147 3111 1303 3165 rem,
1339 3086 1682 3173 DemiphO,

471 3180 876 3268 Singulatim,
904 3182 1107 3265 qualis
1135 3204 1255 3268 ego
1283 3183 1348 3245 in
1375 3181 1547 3248 hune
1571 3180 1835 3247 fuerim?
1875 3180 2002 3248 Du.
2027 3183 2201 3249 Noui

1147 3298 1346 3360 aeque
1383 3277 1594 3341 emnia

467 3371 730 3436 Tecum.
814 3371 936 3437 NA.
990 3370 1224 3435 Merito
1276 3370 1396 3435 hoe
1440 3370 1584 3436 me6
1627 3370 1881 3436 uidetur
1922 3370 2200 3437 factum?

304 3538 307 3541 ¹
1145 3463 1269 3529 Dm.
1316 3466 1610 3530 Minume
1645 3465 1951 3552 gentium.

215 3578 271 3620 45
467 3559 711 3626 Verum
744 3556 871 3622 iam
906 3558 1161 3643 quando
1191 3560 1549 3625 accusando
1575 3560 1717 3624 fieri
1744 3559 2050 3626 infectum
2073 3562 2199 3626 ndn

1142 3664 1369 3740 potest,

469 3726 765 3831 ignosce:
795 3756 932 3811 orat
958 3747 1287 3813 eenfitetur
1311 3749 1570 3834 purgat:
1602 3748 1756 3832 quid
1773 3747 1871 3813 uis
1890 3748 2200 3836 amplius?
2234 3753 2370 3811 1035
2504 3752 2512 3759 “

298 3840 420 3904 ΡΗ.
464 3840 655 3903 Enim
703 3862 855 3905 uero
897 3841 1071 3926 prius
1115 3863 1307 3925 quam
1350 3842 1508 3907 haee
1552 3842 1661 3907 dat
1712 3842 1992 3921 ueniam,
2045 3843 2199 3908 mihi

1142 3936 1522 4023 prospiciam
1557 3949 1620 4004 et
1651 3937 2027 4003 Phaedriae.
2110 4018 2116 4027 .

470 4028 653 4092 Heus
705 4027 1127 4106 Nausistrata,
1182 4030 1356 4116 prius
1410 4053 1601 4115 quam
1653 4031 1800 4096 huie
1854 4032 2195 4117 respendes

1146 4135 1398 4202 temere,
1437 4126 1602 4192 audi.
1673 4127 1794 4192 NA.
1835 4125 2007 4205 Quid
2044 4128 2174 4192 est?

409 4222 637 4268 Terentius.
1689 4240 1703 4254 ·
1824 4227 1890 4281 13
