2792 4617
341 304 386 370 Ι,
411 303 461 356 2.
489 303 566 372 11,
593 303 623 357 1
1251 284 1564 357 HECYRA
2249 271 2374 352 '203

608 425 871 489 Patrem
907 426 1202 491 continuo
1238 427 1535 491 cdnuenit
1570 425 2006 490 Philumenae.

613 518 788 600 Quid
823 521 1067 605 egerint
1098 522 1263 585 inter
1297 544 1386 598 se,
1424 542 1552 584 non
1589 519 1742 584 dum
1777 519 1966 584 etiam
2002 518 2131 582 scio
2141 543 2160 595 3

610 614 750 678 Nisi
786 618 936 680 sane
974 627 1241 692 curaest,
1278 616 1582 700 qudrsum
1618 624 1994 679 euenturum
2029 612 2149 676 hcc
2185 611 2321 676 siet.

611 708 834 773 Habes
871 731 1122 774 omnem
1154 733 1319 775 rem:
1355 711 1619 795 pergam
1653 730 1780 792 quo
1817 707 1995 793 coepi
2030 707 2151 771 hdc
2185 707 2322 770 iter.

338 820 416 858 120
441 800 562 865 PH.
609 801 696 867 Et
756 804 1013 887 quidem
1081 826 1230 891 eg03
1300 828 1450 868 nam
1520 802 1816 867 constitui
1886 825 2029 866 cum
2101 800 2378 886 quodam
2412 804 2513 859 195

1285 898 1532 983 hdspite

610 990 724 1056 Me
753 1015 891 1056 esse
914 993 1092 1056 illum
1133 994 1604 1057 conuenturam.
1667 990 1786 1054 ΡΑ.
1813 990 1904 1054 Di
1930 993 2182 1055 uertant
2217 989 2379 1055 bene

614 1084 808 1164 Quod
858 1086 1040 1171 agas!
1121 1086 1241 1151 ΡΗ.
1295 1088 1480 1153 Vale.
1567 1086 1687 1150 ΡΑ.
1741 1084 1830 1149 Et
1880 1096 1948 1149 tu
2000 1083 2163 1149 bene
2214 1084 2379 1163 uale,

1288 1181 1658 1248 Phildtium.

1132 1789 1526 1887 AOTVS
1580 1805 1695 1886 ΙΙ.

953 1975 1296 2039 LAcnns
1428 1974 1876 2040 Sos-rRAvrA

1018 2091 1207 2134 snum
1527 2092 1754 2135 mma

339 2231 429 2283 11‚1
448 2213 570 2277 LA.
614 2213 746 2279 Pro
782 2216 972 2280 deum
1007 2217 1199 2298 atque
1227 2213 1556 2276 hominum
1583 2212 1794 2289 fidem,
1831 2212 2002 2296 quod
2029 2210 2149 2276 hoc
2175 2233 2378 2297 genus

1294 2318 1409 2382 est,
1446 2328 1608 2390 quae
1645 2306 1801 2371 haec
1837 2316 1932 2370 est
1968 2305 2342 2371 coniuratiol

611 2403 769 2470 Vtin
794 2405 1012 2467 dmnes
1037 2401 1330 2466 mulieres
1361 2401 1583 2465 eadem
1610 2422 1811 2485 aeque
1841 2400 2132 2465 studeant
2148 2401 2379 2465 nolint-

1291 2517 1416 2578 que
1453 2494 1664 2558 dmnia

612 2591 839 2675 Neque
891 2590 1266 2655 declinatam
1309 2591 1647 2673 quicquam
1690 2589 1771 2653 ab
1816 2589 2076 2654 aliarum
2121 2587 2378 2674 ingenio
2411 2598 2516 2653 200

1288 2683 1485 2747 ullam
1518 2681 1821 2768 reperiasl

614 2777 871 2866 [Itaque
923 2778 1082 2843 adeo
1134 2798 1263 2841 uno
1309 2777 1519 2841 animo
1574 2798 1790 2841 omnes
1844 2797 2059 2841 socrus
2111 2774 2377 2839 oderunt

1286 2893 1502 2935 nurus.
1504 2866 1533 2954 ]

391 2984 420 3026 5
613 2965 786 3032 Viris
820 2967 961 3031 esse
993 2964 1295 3029 aduorsas
1331 2965 1532 3048 aeque
1576 2963 1936 3040 studiumst,
1981 2962 2199 3028 similis
2236 2985 2377 3049 per-

1290 3058 1599 3134 tinaciast,

613 3154 694 3219 In
747 3153 1092 3237 eddemque
1147 3174 1364 3216 omnes
1418 3151 1572 3215 mihi
1622 3151 1919 3216 uidentur
1960 3151 2109 3216 ludo
2153 3150 2376 3217 doctae

1289 3246 1372 3310 ad
1408 3245 1740 3309 malitiam:

613 3341 697 3406 Ei
737 3340 1008 3420 11'1d0‚si
1049 3340 1217 3406 ullus
1260 3343 1374 3415 est,
1418 3340 1782 3425 magistram
1828 3339 1990 3404 hanc
2041 3342 2179 3404 esse
2223 3339 2375 3404 satis

1288 3435 1460 3499 cert&
1496 3434 1642 3499 scic.

447 3532 557 3598 So.
609 3531 723 3595 Me
775 3531 1088 3606 miseram,
1142 3551 1306 3614 quae
1357 3551 1528 3594 nunc
1571 3551 1762 3612 quam
1798 3528 1889 3606 ,db
1933 3550 2070 3591 rem
2119 3549 2377 3593 accuser
2408 3531 2512 3588 205

1023 3617 1027 3621 ’
1287 3624 1521 3688 nescim
1598 3622 1722 3686 LA.
1759 3623 1949 3700 Hem,

615 3718 718 3783 Tu
744 3718 985 3782 nescis?
1023 3714 1134 3782 So·
1161 3715 1399 3794 Nescio,
1419 3718 1509 3779 ita
1534 3739 1635 3780 me
1658 3715 1723 3779 di
1750 3725 1979 3793 ament,
1998 3716 2087 3778 mi
2103 3714 2376 3793 Laches,

365 3833 418 3876 ιο
612 3814 841 3896 Itaque
874 3813 1004 3876 una
1047 3812 1215 3876 inter
1254 3833 1370 3875 nos
1415 3814 1604 3896 agere
1647 3820 1919 3874 aetatem
1958 3810 2163 3875 liceat.
2250 3810 2374 3876 LA.

1290 3904 1383 3968 Di
1418 3905 1583 3968 mala
1616 3903 2008 3988 prehibeant.

444 4002 556 4070 So.
600 4002 840 4084 Meque
876 4000 989 4065 abs
1024 4010 1089 4066 te
1123 4000 1415 4065 inmerito
1451 4021 1587 4063 esse
1615 4001 1973 4062 accusatam
2010 3997 2152 4083 pbst
2188 3999 2377 4065 modo

1291 4094 1614 4171 rescisces,
1651 4093 1799 4158 scio.
