2792 4617
580 257 701 324 116
1344 269 1754 341 Evachs
2476 269 2549 343 ιι,
2570 269 2601 325 3

574 394 695 463 PA.
742 394 917 475 Quid
969 395 1094 460 ita?
1165 392 1282 463 Cn.
1335 395 1643 482 Rogitas?
1704 395 1953 459 stimma
2002 393 2209 461 forma·
2258 394 2510 479 semper
2531 409 2579 450 '15

1422 492 1792 557 conseruam
1828 487 2001 553 domi

745 581 1036 660 Videbit,
1090 582 1532 667 conloquetur,
1586 581 1788 649 aderit
1837 583 1967 648 una
2019 581 2086 649 in
2134 580 2279 651 unis
2339 578 2510 645 aedi-

1421 677 1573 756 bus3

744 766 980 836 Cibum
1021 791 1149 837 non
1189 792 1537 856 numquam
1582 770 1789 856 capiet
1832 791 1979 835 cum
2028 791 2141 849 ea3
2190 768 2510 834 interdum

1422 874 1679 950 propter
1715 862 1998 935 dermiet.

573 955 693 1025 PA.
740 955 916 1037 Quid
957 959 1012 1022 si
1042 978 1214 1025 nunc
1255 967 1391 1024 tute
1431 957 1786 1023 fdrtunatus
1827 956 1987 1025 fias?
2055 953 2178 1022 ΟΕ.
2225 953 2376 1035 Qua
2415 975 2507 1033 re,

1416 1051 1773 1118 Parmeno?

436 1153 541 1209 370
741 1144 1098 1231 Respdnde.
1185 1144 1306 1210 PA.
1353 1141 1591 1233 Capias
1637 1142 1767 1232 [tu]
1820 1143 1989 1209 illius
2031 1153 2296 1210 uestem.
2383 1138 2507 1206 Cn.

1421 1238 1723 1306 Vestem?
1763 1237 1920 1322 quid
1953 1250 2091 1303 tum
2122 1235 2379 1324 pdstea?

574 1329 692 1396 PA.
735 1330 866 1397 Pro
912 1332 1019 1398 illd
1065 1343 1128 1398 te
1173 1332 1502 1399 deducam.
1590 1330 1710 1398 Cn.
1756 1331 1990 1397 Atidio·
2077 1331 2194 1396 PA.
2229 1330 2327 1396 Te
2372 1351 2511 1394 esse
2534 1344 2583 1389 8⁰

1266 1486 1274 1499 .
1417 1427 1596 1491 sslum
1634 1426 1861 1493 dicam.
1950 1423 2071 1493 Cn.
2110 1424 2443 1510 Intellego.

571 1519 691 1585 PA.
736 1519 841 1585 Tu
874 1520 998 1584 illis
1032 1519 1246 1585 fruare
1282 1520 1652 1599 cdmmodis,
1687 1521 1918 1604 quibus
1944 1521 2014 1585 tu
2047 1520 2224 1585 illum
2253 1517 2510 1583 dicebas

1419 1614 1639 1683 modo:

745 1704 980 1774 Cibum
1024 1709 1153 1773 {ma
1195 1707 1429 1794 capias,
1472 1708 1664 1786 Adsis,
1708 1718 1956 1795 tangas,
1998 1707 2204 1785 ludas,
2253 1716 2513 1793 propter

1419 1801 1720 1885 ddrmias3

745 1895 1276 1981 Quanddquidem
1310 1896 1561 1961 illarum
1606 1899 1814 1982 neque
1856 1906 1920 1962 te
1954 1895 2290 1980 quisquam
2330 1894 2513 1977 nduit

1421 2012 1627 2074 neque
1660 1990 1781 2056 scit
1815 1992 1926 2074 qui
1959 1990 2101 2059 sies.

435 2085 539 2140 375
741 2084 1080 2152 Praeterea
1112 2083 1317 2150 forma
1350 2094 1414 2150 et
1448 2086 1621 2150 aetas
1656 2084 1872 2169 ipsast‚
1917 2084 2104 2150 facile
2136 2093 2211 2149 ut
2249 2103 2365 2169 pro
2402 2105 2515 2148 eu-

1421 2178 1630 2245 nuchd
1667 2179 1916 2264 probes.

574 2270 696 2338 Cn.
739 2272 979 2338 Dixisti
1013 2272 1304 2359 pulchre.
1349 2273 1697 2357 numquam
1732 2272 1867 2338 uidi
1908 2270 2136 2338 melius
2180 2231 2510 2338 consilium
2539 2287 2584 2329 8⁵

1421 2367 1575 2433 dari

743 2463 891 2549 Age
926 2465 1147 2528 eaimus
1181 2460 1346 2527 intro
1378 2461 1707 2529 nunciam·
1749 2481 1909 2527 orna
1941 2482 2065 2540 me,
2101 2460 2330 2539 abduc,
2366 2461 2515 2538 duc,

1418 2556 1727 2640 quantum
1761 2565 1988 2641 potest.

574 2651 694 2716 PA.
739 2648 915 2733 Quid
967 2649 1140 2735 agis?
1190 2649 1448 2717 iocabar
1490 2649 1803 2734 equidem.
1879 2645 2014 2731 Cn.
2057 2646 2301 2715 Garris.
2388 2648 2513 2714 PA.

1423 2744 1619 2821 Perii,
1654 2743 1810 2829 quid
1843 2764 1965 2830 ego
1999 2745 2103 2829 egi
2137 2742 2355 2807 miser!

747 2836 895 2921 Quo
928 2838 1166 2904 trudis?
1206 2839 1608 2926 perculeris
1589 2861 1718 2904 iam
1760 2848 1831 2902 tu
1864 2859 1987 2903 me.
2056 2837 2171 2901 tibi
2215 2836 2514 2921 equidem

1423 2933 1581 3008 diod,
1616 2954 1821 2997 mane.

440 3031 543 3086 380
577 3022 697 3091 Cn.
740 3023 1003 3091 Eamus.
1056 3025 1177 3091 PA.
1205 3026 1481 3114 Pergin?
1535 3024 1656 3092 Cn.
1687 3023 2027 3091 certumst.
2078 3024 2198 3089 PA.
2227 3024 2395 3091 Vide
2430 3049 2517 3092 ne

1418 3119 1684 3186 nimium
1718 3119 1994 3185 calidum
2028 3118 2150 3184 hoc
2185 3120 2265 3183 sit
2297 3120 2515 3184 modo,

581 3209 704 3279 Cu.
746 3212 895 3278 Non
929 3214 1024 3280 est
1057 3215 1368 3300 profecto:
1406 3216 1557 3280 sine.
1610 3213 1728 3279 PA.
1753 3213 1846 3278 At
1883 3213 2051 3279 enim
2077 3212 2272 3278 istaec
2304 3216 2371 3278 in
2407 3237 2516 3280 me
2539 3233 2595 3272 90

1422 3308 1687 3375 cudetur
1722 3307 1892 3373 faba.
1982 3305 2104 3373 Cn.
2141 3307 2270 3372 Ah.

744 3400 867 3469 PA.
910 3403 1255 3489 Flagitium
1288 3403 1572 3469 facimus.
1644 3400 1768 3468 Cn.
1793 3383 1902 3467 An
1937 3401 2004 3466 id
2027 3401 2423 3488 flagitiumst,
2461 3402 2519 3468 si

1417 3499 1486 3559 in
1521 3497 1779 3561 domum
1813 3496 2229 3562 meretriciam

745 3588 1049 3656 Deducat
1091 3600 1157 3657 et
1197 3589 1320 3656 illis
1371 3590 1685 3668 crucibus,
1737 3610 1901 3673 quae
1942 3610 2057 3654 nos
2105 3591 2520 3674 uestramque

1424 3682 1915 3749 adulescentiam

748 3776 1014 3843 Habent
1047 3776 1432 3864 despicatam
1463 3788 1530 3843 et
1564 3779 1728 3861 quae
1769 3797 1886 3841 nos
1928 3798 2178 3863 semper
2219 3776 2521 3879 dmnibus

1422 3870 1706 3936 cruciant
1737 3869 1961 3949 modis,

440 3971 545 4028 385
746 3963 937 4032 Nunc
981 3964 1251 4030 referam
1304 3964 1573 4049 gratiam
1616 3966 1807 4048 atque
1851 3987 1959 4029 eas
2002 3964 2219 4030 itidem
2270 3962 2518 4042 fallam,

1421 4068 1494 4124 ut
1525 4058 1609 4123 ab
1643 4057 1766 4123 illis
1798 4058 2112 4124 ffllimur?
