2792 4617
507 239 631 305 168
1298 251 1650 308 PHORMIO
2196 252 2273 322 Π,
2299 253 2349 306 4.
2375 252 2482 321 III,
2507 251 2543 307 1

500 375 627 442 De.
672 377 784 442 Te.
843 377 997 443 CBA.
1051 375 1196 460 Ego
1239 396 1403 459 quae
1453 377 1521 438 in
1556 398 1689 440 rem
1733 384 1909 439 tuam
1956 376 2081 441 sint
2124 378 2201 441 ea
2244 375 2435 441 uelim

1350 468 1568 533 facias.
1621 467 1777 532 mihi

362 570 467 625 450
676 562 784 630 Sic
820 562 937 627 hoc
973 562 1247 628 uidetur:
1286 556 1457 646 quod
1478 559 1551 628 =te
1586 562 1845 628 absente
1880 562 1983 628 hic
2017 563 2187 628 fflius
2461 583 2516 622 10

673 657 848 743 Egit,
881 656 1126 722 restitui
1159 657 1226 721 in
1255 659 1576 743 integrum
1611 668 1941 741 aequomst
1975 658 2038 721 et
2077 657 2332 734 bonum,

668 750 757 816 Et
790 751 857 818 id
888 750 1272 836 impetrabis.
1329 751 1476 815 dixi.
1546 749 1673 815 DE.
1710 751 1837 816 Dic
1869 773 2061 828 nunc,
2096 752 2329 836 Hegio·

497 848 623 910 ΗΕ.
668 844 815 931 Ego
851 845 1071 910 sedulo
1106 845 1275 910 hunc
1311 844 1544 910 dixisse
1580 845 1794 922 credo;
1831 847 2054 910 uerum
2088 845 2253 922 itast,

670 938 862 1018 Quod
896 938 1180 1003 homines
1218 950 1312 1004 tot
1347 939 1722 1004 sententiae:
1759 960 1906 1004 suos
1942 941 2215 1023 quoique
2252 960 2406 1004 mos.

361 1038 464 1094 455
670 1032 838 1097 Mihi
871 1032 996 1096 non
1032 1032 1283 1098 uidetur
1316 1032 1486 1116 quod
1519 1032 1600 1098 sit
1635 1033 1871 1098 factum
1904 1032 2174 1117 legibus,
2455 1048 2510 1092 15

665 1126 963 1192 Rescindi
1024 1148 1238 1212 posse3
1301 1141 1362 1190 et
1423 1127 1605 1234 turpe
1670 1127 2002 1212 inceptust.
2106 1125 2231 1191 Du.
2285 1125 2432 1204 Dic,

499 1315 634 1380 Cm.
664 1312 810 1398 Ego
847 1313 1121 1399 amplius
1156 1218 1632 1378 delibggiigum
1671 1314 1925 1377 censeo:

669 1407 800 1473 Res
827 1410 1136 1493 magnast.
1182 1408 1310 1470 HE.
1329 1406 1506 1471 Num
1529 1407 1683 1490 quid
1708 1408 1818 1471 nos
1846 1407 1981 1472 uis?
2017 1405 2140 1470 Dn.
2165 1406 2431 1472 Fecistis

665 1594 972 1659 Incertior
997 1616 1137 1659 sum
1165 1500 1580 1678 mffltfflssz,
1609 1560 1990 1657 dudum-U—
2025 1592 2148 1661 Gn.
2177 1594 2432 1680 Negant

359 1696 463 1750 460
666 1688 951 1754 Redisse.
1038 1686 1163 1751 Dm.
1199 1687 1427 1751 Frater
1460 1689 1556 1750 est
1591 1687 2021 1772 expectandus
2057 1687 2239 1751 mihi:
2455 1706 2510 1746 20

664 1781 729 1846 Is
783 1780 950 1866 quod
1001 1781 1156 1845 mihi
1206 1780 1451 1846 dederit
1502 1780 1581 1845 de
1641 1781 1761 1846 hac
1812 1803 1881 1846 re
1944 1781 2271 1847 consilium
2286 1829 2305 1860 ‚
2362 1780 2432 1846 id

664 1968 1111 2034 Percontatum
1146 1967 1253 2031 ibo
1289 1895 1678 2052 adegdlrzildm,
1712 1968 1922 2051 quoad
1958 1991 2025 2033 se
2058 1968 2338 2054 recipiat.

498 2061 618 2127 Gn.
665 2063 758 2126 At
804 2084 924 2149 ego
967 2043 1403 2147 Antiphonem
1448 2063 1766 2170 quaeram,
1819 2072 1890 2126 ut
1932 2083 2095 2145 quae
2142 2073 2284 2129 acta
2326 2061 2432 2128 hio

664 2249 795 2316 Sed
839 2272 1060 2316 eccum
1110 2252 1320 2336 ipsum
1342 2157 1678 2358 Sffidgdwiii
1722 2250 2002 2334 tempore
2041 2249 2167 2316 huc
2221 2271 2287 2316 se
2329 2248 2430 2313 rd-

1341 2365 1568 2428 elpere.

1079 2531 1148 2596 A
1165 2555 1204 2595 N
1220 2556 1259 2594 Τ
1275 2555 1300 2595 1
1314 2555 1352 2594 P
1369 2554 1414 2593 H
1433 2553 1471 2596 o
1606 2529 1669 2596 G
1685 2553 1723 2594 n
1740 2555 1780 2594 'r
1795 2553 1836 2594 A

1083 2638 1466 2682 Anvnnsonns
1603 2638 1825 2681 snnvos

356 2729 460 2783 465
497 2721 617 2782 AN.
661 2702 852 2784 Enim
881 2742 1053 2797 uero,
1091 2719 1393 2804 Antipho,
1433 2718 1816 2784 multimodis
1844 2740 1989 2783 cum
2013 2720 2175 2783 istoc
2204 2718 2532 2796 anim0111,1

1339 2836 1406 2878 es
1442 2813 1923 2898 uituperandus:
2263 2872 2268 2884 ,

659 2888 842 2973 itane
878 2917 940 2972 te
976 2907 1123 2972 hinc
1157 2908 1384 3064 abisse1
1401 2907 1695 3064 egritam
1723 2910 1897 2971 tuam
1925 2907 2253 2972 tutandam
2288 2907 2427 2972 aliis

1387 3024 1421 3065 e
1467 3023 1618 3065 isse.

662 3076 845 3161 Alios
864 3106 1036 3160 tuam
1062 3118 1197 3160 rem
1216 3094 1537 3161 credidisti
1554 3095 1758 3180 magis
1775 3116 1966 3179 quam
1992 3106 2118 3161 tete
2146 3096 2425 3161 animum

1339 3190 1757 3254 aduorsuros?

661 3283 829 3349 Nam
880 3284 951 3348 ut
995 3299 1068 3349 ut
1111 3294 1287 3348 erant
1337 3284 1482 3361 alia,
1535 3284 1627 3349 ssli
1671 3292 1838 3349 certe
1880 3284 2044 3366 quae
2086 3306 2259 3349 nunc
2310 3283 2427 3350 tibi

1343 3379 1576 3445 domist
1610 3378 1985 3454 consulereS‚

663 3473 728 3538 N
728 3475 762 3536 e
783 3471 937 3556 quid
954 3481 1210 3557 propter
1226 3476 1404 3538 tuam
1421 3470 1613 3538 fidem
1632 3472 1895 3557 decepta
1911 3474 2231 3556 poteretur
2248 3472 2424 3550 mali3
2478 3492 2506 3534 5

357 3577 461 3630 470
664 3566 838 3649 Quoi
870 3588 1041 3632 nunc
1075 3566 1340 3632 miserae
1384 3569 1532 3652 spes
1575 3587 1852 3650 opesque
1943 3567 1957 3588 '
2016 3575 2043 3631 t
2084 3566 2150 3631 in
2192 3577 2254 3632 te
2297 3589 2424 3631 uno

865 3692 870 3698 ·
1320 3663 1556 3763 pmnes
1592 3660 1748 3724 sitae
1895 3684 1910 3695 ‘
1929 3652 1952 3671 ²

499 3755 620 3822 Gn.
669 3755 754 3820 Et
789 3755 1066 3839 quidem,
1113 3777 1237 3832 ere,
1273 3777 1389 3821 nos
1426 3756 1557 3820 iam
1591 3754 1719 3818 dud
1865 3752 1969 3818 hic
2004 3743 2067 3829 τὶ),
2103 3706 2430 3821 absentem

1330 3822 1717 3925 mousdmus,
1755 3848 1882 3930 qui
1898 3835 2143 3913 abieris:

495 3947 617 4011 AN.
662 3944 760 4027 'De
802 3942 1011 4029 ipsum
1047 3926 1446 4027 quaere'bam.
1537 3941 1658 4008 Gn.
1706 3940 1836 4008 Sed
1882 3964 1957 4006 ea
2000 3918 2190 4006 caffisa
2232 3908 2426 4013 nihilo

1335 4036 1540 4125 magis
1578 4035 1944 4106 defecimus.
