2792 4617
266 299 413 357 Prol.

284 2277 336 2318 10

283 2790 334 2832 15

279 3306 332 3345 20

285 3814 335 3855 25

1130 299 1539 360 EVNVCHVS
2176 289 2296 357 101

994 1109 1656 1183 PROLOGVS.

451 1331 526 1400 Si
557 1335 974 1419 quisquamst,
1008 1336 1119 1421 qui
1154 1336 1406 1423 placere
1440 1357 1510 1402 se
1544 1335 1798 1402 studeat
1831 1334 2017 1401 bonis

449 1435 664 1520 Quam
696 1438 982 1524 plurimis
1017 1450 1080 1505 et
1113 1441 1394 1504 minume
1428 1439 1661 1504 multos
1694 1438 1969 1517 laedere,

448 1540 525 1604 In
559 1539 658 1604 his
691 1546 878 1626 poeta
911 1540 1015 1607 hic
1048 1543 1280 1606 nemen
1315 1542 1645 1628 profitetur
1678 1562 1881 1607 suom.

447 1643 616 1708 Tum
651 1647 707 1707 si
736 1643 880 1729 quis
915 1654 1030 1721 est,
1067 1645 1176 1728 qui
1211 1644 1451 1709 dictum
1483 1644 1551 1708 in
1586 1665 1654 1710 se
1688 1642 2128 1710 inclementius

446 1744 878 1812 Existumauit
911 1748 1070 1824 esse,
1109 1747 1200 1812 sic
1236 1749 1591 1824 existumet,

444 1848 866 1934 Respensum,
900 1870 1028 1916 non
1063 1848 1300 1915 dictum
1336 1851 1497 1928 esse,
1533 1848 1683 1935 quia
1714 1849 1898 1915 laesit
1929 1847 2119 1935 prior,

449 1949 778 2033 Quibene
811 1951 1122 2018 uortendo
1159 1962 1223 2019 et
1258 1950 1514 2019 easdem
1548 1950 1883 2018 scribende
1918 1952 2085 2019 male

448 2053 550 2119 Ex
587 2052 848 2120 Graecis
882 2055 1068 2119 bonis
1103 2053 1367 2119 Latinas
1403 2053 1555 2120 fecit
1586 2056 1715 2119 nen
1747 2054 1965 2121 bonas.

447 2156 628 2222 Idem
661 2156 1006 2222 Menandri
1037 2155 1323 2222 Phasma
1358 2152 1589 2243 [nunc]
1625 2179 1829 2242 nuper
1852 2155 2132 2244 perdidit

448 2261 661 2345 Atque
694 2262 762 2324 in
796 2260 1169 2325 Thensauro
1204 2259 1475 2344 scripsit,
1513 2280 1771 2324 causam
1805 2259 2014 2326 dicere

445 2361 633 2428 Prius
667 2363 837 2427 unde
871 2362 1124 2449 petitur,
1161 2361 1385 2426 aurum
1422 2382 1552 2444 qua
1585 2382 1654 2426 re
1689 2363 1771 2426 sit
1804 2382 2007 2439 suom,

447 2463 658 2547 Quam
693 2462 822 2529 illic
855 2465 964 2552 qui
1000 2463 1178 2550 petit,
1213 2462 1382 2529 unde
1417 2465 1473 2528 is
1509 2462 1591 2529 sit
1626 2463 2002 2529 thensaurus
2036 2463 2160 2529 sibi

445 2568 583 2632 Aut
615 2567 784 2632 unde
819 2565 888 2631 in
920 2567 1194 2652 patrium
1229 2568 1713 2631 menumentum
1746 2567 2123 2652 peruenerit.

444 2667 698 2736 Dehinc
730 2671 811 2734 ne
846 2669 1185 2734 frustretur
1213 2671 1353 2754 ipse
1388 2690 1456 2734 se
1493 2678 1602 2733 aut
1636 2668 1728 2734 sic
1764 2669 2002 2754 cegitet

445 2771 835 2837 ‘Defunctus
869 2771 996 2836 iam
1032 2793 1195 2848 sum,
1229 2770 1319 2834 nil
1354 2782 1451 2837 est
1485 2771 1658 2855 quod
1693 2770 1862 2836 dicat
1894 2770 2109 2839 mihi’=

442 2874 510 2940 Is
545 2897 625 2941 ne
660 2876 825 2941 erret
859 2895 1087 2938 moneo
1123 2883 1188 2939 et
1223 2871 1471 2938 desinat
1501 2874 1827 2940 lacessere.

443 2977 674 3044 Habeo
707 2977 834 3042 alia
865 2975 1086 3053 multa,
1122 2978 1286 3061 quae
1321 2996 1492 3041 nunc
1526 2975 2006 3053 condonabitur,

444 3078 631 3161 Quae
664 3079 1065 3164 preferentur
1098 3080 1264 3165 pest,
1299 3078 1354 3144 si
1388 3087 1613 3164 perget
1644 3078 1918 3155 laedere,

442 3183 546 3247 Ita
577 3191 649 3246 ut
684 3181 894 3248 facere
928 3180 1213 3247 instituit.
1282 3183 1476 3265 quam
1509 3202 1680 3246 nunc
1715 3183 1919 3246 acturi
1950 3203 2164 3248 sumus

441 3283 782 3349 Menandri
816 3282 1223 3361 Eunuchum,
1259 3285 1597 3369 pestquam
1630 3282 1867 3350 aediles
1902 3285 2208 3360 emerunt,

441 3386 722 3453 Perfecit
755 3386 876 3452 sibi
911 3396 982 3452 ut
1013 3385 1394 3473 inspiciundi
1431 3397 1593 3452 esset
1628 3385 1829 3472 cepia.

441 3489 861 3576 Magistratus
896 3510 1088 3575 quom
1122 3487 1213 3553 ibi
1247 3487 1518 3566 adesset,
1556 3491 1878 3574 occeptast
1913 3488 2038 3577 agi.

445 3591 779 3657 Exclamat
812 3591 1039 3669 furem,
1075 3592 1205 3656 nen
1237 3595 1490 3677 poetam
1525 3590 1810 3656 febulam

441 3692 717 3760 Dedisse
752 3704 816 3759 et
847 3693 938 3760 nil
975 3693 1223 3759 dedisse
1257 3693 1598 3758 uerborum
1632 3704 1874 3759 tament

445 3795 746 3862 Colacem
781 3798 919 3863 esse
953 3795 1162 3862 Naeui
1195 3805 1257 3861 et
1289 3794 1529 3873 Plauti,
1576 3805 1855 3860 ueterem
1890 3794 2200 3869 fabulam3

441 3898 716 3964 Parasiti
749 3920 1084 3985 personam
1116 3897 1264 3964 inde
1300 3898 1576 3963 ablatam
1613 3909 1677 3964 et
1710 3897 1943 3962 militis.

445 4001 517 4066 Si
550 4001 618 4064 id
653 4003 749 4066 est
783 4011 1135 4086 peccatum,
1170 4003 1503 4087 peccatum
1535 3999 1996 4085 inprudentiast

441 4101 703 4182 Poetae,
739 4125 868 4170 non
905 4124 1030 4188 quo
1065 4103 1304 4170 furtum
1339 4103 1550 4169 facere
1584 4100 1910 4169 studuerit.

2332 2268 2396 2320 11]

2332 2776 2396 2828 15

2328 3291 2396 3340 2⁴1}
