2792 4617
553 267 676 335 132
1307 285 1465 343 EVN
1467 284 1676 344 VOHV
1678 285 1718 342 S
2342 285 2445 354 lv,
2468 286 2517 340 5.
2541 285 2582 339 6

721 405 857 474 Sed
887 406 1086 472 Thais
1120 408 1363 473 multon
1394 409 1545 475 ente
1578 408 1789 519 uenit?
1856 406 1974 472 Pr.
2017 387 2128 472 An
2162 405 2317 472 abiit
2348 407 2478 472 iam

549 592 670 663 Cn.
714 596 855 662 Iam
889 596 1152 674 dudum,
1196 503 1699 664 aetatezxfniliigg
1729 597 1938 667 saetae
1972 595 2121 662 sunt
2162 594 2326 662 inter
2366 616 2476 660 eos

411 789 513 843 735
545 782 664 849 Pr.
708 784 818 850 Nil
871 785 1048 865 dixit,
1098 796 1169 851 tu
1219 797 1291 852 ut
1343 714 1906 870 sequerereaesese?
1992 782 2114 854 CH.
2174 781 2305 864 Nfl,
2352 783 2475 849 nisi

1390 881 1612 947 abiens
1643 880 1734 946 mi
1762 880 1985 946 innuit.

544 972 663 1038 Pr.
708 972 874 1052 Eho,
908 974 1119 1042 nenne
1154 975 1222 1041 id
1255 986 1354 1042 sat
1388 977 1562 1042 erat?
1631 973 1751 1045 Cn.
1795 957 1892 1042 At
1924 974 2248 1041 nescibam
2278 973 2348 1040 id
2380 973 2475 1038 di·
2498 991 2554 1032 ιο
2633 996 2636 999 ·

1389 1093 1533 1138 eere
1564 1069 1760 1149 illam,
1794 1070 1917 1135 nisi
1951 1069 2101 1155 quia

714 1160 1007 1231 Correxit
1038 1165 1241 1243 miles,
1275 1165 1451 1253 qued
1484 1164 1764 1233 intellexi
1787 1167 2026 1243 minus3
2061 1186 2210 1230 nam
2230 1185 2337 1231 me
2363 1185 2473 1230 ex-

1382 1263 1568 1326 trusit
1600 1259 1791 1326 foras.

713 1351 845 1420 Sed
863 1376 1074 1421 eeeam
1091 1356 1326 1440 ipsam:
1351 1354 1547 1421 miror
1560 1354 1674 1423 fibi
1698 1376 1819 1443 ego
1835 1353 1984 1421 huie
2001 1351 2468 1421 anteuerterim.

939 1619 1206 1685 Tuus
1353 1615 1756 1685 Onnnuns
1897 1618 2276 1685 Pir-nnus

907 1737 1212 1778 umnam
1352 1733 1743 1779 Anvmnsonns
1952 1733 2217 1778 mom

538 1823 658 1888 ΤΗ.
698 1820 910 1888 Credo
939 1823 1232 1909 equidem
1257 1822 1438 1888 illum
1462 1822 1591 1887 iam
1616 1821 1985 1886 edfuturum
2013 1844 2172 1899 esse,
2187 1823 2258 1886 ut
2285 1821 2570 1900 illamme

1383 1939 1425 1982 a
1456 1939 1558 1982 me
1595 1915 1842 2001 eripiet:
1878 1917 2013 1982 sine
2048 1915 2281 1983 ueniat.

402 2022 504 2076 740
706 1992 913 2097 Atqui
953 2012 1009 2078 ei
1040 2012 1214 2078 inam
1250 2011 1450 2097 digito
1483 2010 1760 2096 attigerit
1791 2011 1941 2090 uno,
1986 2011 2154 2077 oculi
2193 2011 2338 2105 meo
2372 2013 2470 2078 60-

1376 2104 1715 2170 fodientur.
2026 2122 2030 2126 ’

703 2178 928 2284 Vsque
965 2199 1124 2266 adeo
1165 2195 1344 2285 [ego]
1379 2198 1547 2263 illius
1581 2197 1749 2263 ferre
1772 2220 2034 2283 possum
2065 2198 2368 2286 ineptiam
2403 2209 2469 2266 et

1258 2334 1265 2339 ·
1384 2293 1723 2380 magnifica
1756 2293 1977 2371 uerba,
2265 2308 2271 2317 '

703 2386 923 2455 Verba
956 2387 1110 2453 dum
1145 2386 1268 2452 sint
1280 2411 1299 2465 3
1334 2389 1559 2452 uerum
1594 2386 1762 2452 enim
1789 2385 1844 2451 si
1869 2386 1952 2452 ad
1976 2408 2112 2453 rem
2139 2385 2467 2454 censeren-

1382 2492 1505 2558 tur,
1541 2480 1890 2567 uepulabit.

537 2573 656 2641 Cn.
702 2575 928 2655 Thess,
982 2596 1103 2663 ego
1152 2575 1279 2640 iam
1332 2574 1575 2639 dudum
1627 2574 1731 2640 hie
1773 2575 2015 2640 adsum.
2101 2575 2222 2640 ΤΗ.
2276 2572 2342 2640 O
2378 2578 2468 2641 mi
2513 2593 2541 2635 s

1384 2666 1713 2745 Chremes,
1723 2679 1787 2734 te
1804 2669 2012 2754 ipsum
2030 2669 2463 2754 expectabam.

706 2762 858 2831 Scin
903 2771 975 2828 tu
1017 2762 1270 2827 turbam
1312 2761 1476 2827 hane
1518 2764 1775 2848 prepter
1816 2775 1878 2829 te
1915 2786 2053 2829 esse
2087 2763 2360 2829 feetami'
2403 2774 2467 2831 et

884 2891 889 2895 ·
1374 2856 1542 2922 adeo
1579 2857 1661 2921 ad
1695 2867 1758 2922 te
1792 2856 2057 2924 ettinere
2090 2856 2254 2923 hane

399 2957 501 3010 745
704 2928 985 3017 Omnem
1034 2950 1206 3016 rem?
1301 2946 1421 3014 Cn.
1475 2949 1586 3015 Ad
1635 2952 1777 3016 me?
1828 2953 1940 3035 qui
1988 2973 2214 3036 quaeso
2264 2951 2466 3018 istuc?

1377 3042 1499 3109 ΤΗ.
1562 3041 1760 3125 Quia,
1814 3045 1969 3110 dum
2018 3045 2136 3111 tibi
2188 3046 2466 3114 sorerem

1383 3136 1609 3202 studeo

702 3232 994 3299 Reddere
1029 3254 1104 3298 ae
1128 3233 1475 3308 restituere,
1514 3230 1672 3298 haee
1696 3241 1886 3316 atque
1911 3231 2098 3298 huius
2124 3232 2296 3298 modi
2323 3257 2465 3299 sum

1378 3325 1579 3390 multa
1612 3348 1819 3411 passa.

536 3418 656 3486 On.
696 3402 831 3488 Vbi
856 3418 1028 3485 east?
1061 3418 1183 3485 Tu.
1201 3418 1400 3485 Domi
1426 3419 1598 3505 apud
1622 3441 1744 3485 me.
1781 3417 1901 3485 Cn.
1920 3420 2112 3485 Hem.
2147 3419 2269 3486 ΤΗ.
2290 3419 2466 3501 Quid

1382 3513 1516 3579 est?

702 3590 955 3672 Educta
987 3604 1078 3671 ita
1111 3604 1205 3670 uti
1239 3608 1429 3691 teque
1464 3606 1696 3690 illaque
1724 3605 2064 3692 dignumst.
2128 3604 2248 3672 Cn.
2287 3607 2464 3688 Quid
2488 3627 2541 3669 10

1377 3702 1508 3765 ais?
1586 3699 1706 3766 ΤΗ.
1759 3681 1840 3764 ld
1873 3701 2046 3786 quod
2078 3723 2177 3766 res
2214 3711 2329 3768 est.

698 3797 890 3861 Hene
923 3794 1040 3859 tibi
1074 3794 1156 3859 do
1183 3794 1348 3860 done
1370 3815 1578 3879 neque
1604 3805 1820 3880 repeto
1844 3816 1960 3881 pro
1987 3795 2096 3861 ssla
2122 3795 2463 3880 quiequam

1205 3952 1209 3957 .
1374 3889 1490 3954 abs
1523 3889 1586 3953 te
1621 3889 1801 3973 preti.

393 3991 495 4045 750
530 3982 650 4050 cn.
695 3981 784 4048 Et
817 3982 1085 4049 habetur
1116 3992 1183 4050 et
1214 3983 1541 4059 referetur,
1577 3982 1795 4062 Thais,
1832 3981 2007 4072 [tibi]
2034 3985 2124 4050 ita
2148 3984 2242 4049 uti
2274 3983 2462 4051 meri-

1372 4076 1491 4142 ta’s
1522 4078 1747 4162 gretia.
