2792 4617
207 301 319 372 111,
343 304 376 358 5
1120 300 1433 357 HECYRA
2122 286 2246 354 217

482 425 672 491 Nilne
705 447 807 490 me
841 424 1042 510 pietas
1079 424 1291 488 matris
1330 423 1538 509 potius
1583 421 1980 489 edmmodum
2024 424 2249 490 suadet

313 612 434 678 LA.
478 612 836 700 Pzimphile,
870 612 1044 678 haud
1075 541 1395 677 hazatz-d
1430 612 1599 678 auris
1628 614 1833 678 sermo
1861 613 1950 676 mi
1984 615 2250 679 accessit

483 798 695 882 Qudm
728 812 793 866 te
827 717 1468 888 postputdsgldodinnis
1512 821 1613 865 res
1653 801 1806 885 prae
1850 810 2112 886 parente
2153 799 2250 866 in-

483 989 726 1057 Verum
761 987 909 1054 uide
942 1009 1025 1053 ne
1057 894 1472 1146 ἱιιριιξὲἕξοίἓα
1506 990 1703 1074 Ρτάιιθ
1743 986 2014 1066 insistas,
2056 987 2249 1052 Pem-

1158 1105 1201 1169 p
1294 1105 1347 1147 e.

227 1192 285 1234 85
310 1174 430 1241 ΡΑ.
491 1173 744 1254 Quibus
778 1176 887 1239 iris
933 1198 1102 1241 nune
1138 1175 1430 1261 inpfilsus
1463 1175 1533 1241 in
1564 1176 1737 1241 illam
1775 1175 2022 1260 iniquos
2059 1175 2214 1241 sim?
2280 1189 2385 1246 485

482 1267 667 1350 Quae
701 1270 1050 1352 niunquam
1086 1270 1424 1354 quiequam
1469 1273 1623 1356 erga
1666 1293 1769 1336 me
1803 1270 2247 1348 commeritdst,

1156 1376 1353 1450 pater,

483 1456 677 1539 Quod
712 1457 966 1535 uellem,
1003 1469 1067 1523 et
1102 1481 1289 1544 saepe
1316 1457 1490 1541 qudd
1515 1458 1745 1523 uellem
1772 1459 2062 1524 meritzim
2088 1458 2217 1526 seio
2225 1483 2245 1536 3

478 1553 778 1635 Amdque
814 1563 875 1616 et
909 1553 1100 1617 laudo
1137 1564 1199 1617 et
1233 1554 1558 1617 uementer
1599 1553 1904 1619 desidero.

477 1645 647 1710 Nam
682 1645 877 1710 fuisse
915 1669 1067 1732 erga
1102 1669 1205 1711 me
1251 1649 1409 1710 miro
1452 1646 1707 1732 ingenio
1743 1649 2039 1733 expertus
2084 1670 2244 1725 sum,

221 1757 280 1799 ιο
478 1739 705 1821 Illique
743 1752 971 1826 exopto
1007 1751 1078 1805 ut
1111 1741 1415 1805 relicuam
1449 1740 1648 1805 uitam
1685 1741 1899 1827 exigat
2277 1746 2383 1803 490

480 1831 650 1898 Cum
687 1835 761 1898 ed
800 1834 957 1910 uim,
994 1857 1095 1898 me
1133 1837 1243 1918 qui
1277 1834 1358 1899 sit
1392 1834 1787 1913 fortunatior,

475 1926 1011 2011 Quanddquidem
1045 1929 1220 1994 illam
1256 1953 1295 1994 a
1329 1952 1433 1995 me
1468 1930 1753 1995 distrahit
1790 1931 2149 1996 necessitas.

303 2024 428 2087 ΡΗ.
472 2022 622 2086 Tibi
653 2022 721 2087 id
754 2025 822 2087 in
857 2035 1107 2088 manust
1141 2046 1223 2088 ne
1258 2024 1392 2089 flat.
1481 2024 1602 2089 LA.
1643 2023 1718 2090 Si
1752 2027 1942 2090 samis
1982 2024 2134 2090 sies:

475 2116 638 2182 Iube
671 2117 845 2182 illem
879 2119 1102 2183 redire.
1182 2119 1298 2182 ΡΑ.
1336 2119 1480 2183 Νόιι
1516 2129 1612 2184 est
1652 2120 2003 2197 eonsilifim,
2038 2130 2242 2205 pater:

218 2228 278 2272 45
473 2211 701 2276 Matris
737 2212 989 2276 seruibo
1030 2212 1396 2277 edmmodis.
1486 2212 1610 2277 LA.
1650 2212 1798 2294 Quo
1846 2214 2021 2278 abis?
2065 2214 2242 2279 ades:
2277 2226 2382 2280 495

475 2305 695 2383 Mane,
740 2309 1029 2391 inquam:
1074 2327 1203 2389 quo
1240 2306 1415 2370 abis?
1450 2343 1533 2353 —-
1569 2307 1689 2371 Pu.
1727 2307 1912 2389 Quae
1956 2308 2113 2373 haee
2150 2319 2246 2374 est

1152 2400 1534 2485 pertinacia?

302 2493 428 2560 LA.
473 2492 694 2570 Dixin,
748 2492 1086 2579 Phidippe‚
1147 2493 1311 2558 hane
1362 2516 1497 2559 rem
1549 2495 1736 2579 aegre
1779 2493 2056 2561 laturum
2106 2498 2245 2562 esse

1153 2589 1337 2653 eum?

475 2679 690 2762 Quam
725 2680 808 2746 ob
845 2683 980 2745 rem
1015 2691 1077 2747 te
1113 2681 1393 2758 orabam,
1434 2681 1633 2746 filiam
1669 2691 1740 2746 ut
1770 2685 2139 2749 remitteres.

300 2775 423 2842 PH.
467 2775 532 2841 Ν
532 2798 614 2841 on
651 2775 891 2840 credidi
926 2775 1150 2861 edepol
1184 2777 1344 2839 {ideo
1379 2775 1795 2840 inhumanl'im
1829 2776 1984 2842 fore.

219 2887 275 2931 σο
472 2870 574 2934 Ita
608 2871 777 2934 nime
811 2869 866 2933 is
903 2870 1023 2934 sibi
1058 2893 1160 2935 me
1197 2869 1698 2955 sdpplieaturfim
1733 2871 1951 2956 putat?
2274 2885 2378 2940 500

475 2962 549 3028 Si
584 2975 681 3029 est
714 2964 785 3028 1'1t
818 2965 979 3029 uelit
1005 2964 1352 3029 reddl'leere
1386 2966 1671 3041 uxorem,
1710 2964 1883 3041 lieet3

474 3056 593 3123 Sin
625 3057 811 3122 Aliost
845 3057 1077 3133 animo,
1113 3059 1474 3122 renumeret
1513 3057 1726 3123 dotem
1760 3057 1904 3132 him,
1942 3068 2060 3123 eat.

301 3153 425 3219 LA.
470 3151 642 3216 Eece
679 3152 890 3215 alitem
926 3160 997 3214 tu
1031 3172 1285 3235 quoque
1321 3153 1615 3237 preterue
1648 3151 1987 3217 iram'mdus
2023 3151 2118 3221 es!

301 3246 422 3310 PH.
467 3245 933 3309 Peredntumax
966 3245 1182 3310 redisti
1217 3245 1343 3309 hue
1377 3245 1580 3322 nobis,
1617 3244 1983 3331 Pamphile!

217 3359 274 3401 55
301 3340 425 3405 LA.
468 3339 758 3404 Decedet
790 3339 920 3404 iam
951 3340 1046 3403 ira
1079 3338 1258 3416 haee,
1295 3339 1413 3403 etsi
1447 3339 1669 3404 merito
1704 3339 1901 3405 initus
1936 3351 2050 3406 est.
2271 3355 2375 3410 505

302 3433 421 3498 ΡΗ.
467 3432 639 3512 Quia
672 3433 934 3518 pasllum
967 3431 1152 3497 uobis
1187 3434 1452 3498 decessit
1485 3434 1812 3518 peel'miae,

472 3526 723 3592 Sublati
759 3527 950 3590 animi
985 3537 1151 3591 sunt.
1239 3526 1361 3591 LA.
1400 3510 1613 3592 Etiam
1647 3550 1898 3594 meeum
1930 3528 2176 3614 litigas?

299 3620 421 3685 ΡΗ.
466 3619 796 3684 Deliberet
829 3620 1268 3705 rem'mtietque
1303 3620 1492 3686 hodie
1528 3621 1701 3699 mihi,

469 3714 723 3793 Velitne
760 3737 842 3779 an
875 3737 1030 3779 non:
1066 3725 1139 3779 ut
1170 3715 1299 3791 alii,
1336 3715 1389 3779 si
1427 3714 1574 3781 huie
1606 3738 1736 3781 non
1771 3719 1887 3793 est,
1928 3717 2064 3801 siet.

219 3828 274 3868 60
300 3807 424 3871 LA.
468 3806 804 3892 Phidippe‚
842 3808 1013 3885 ades,
1051 3808 1199 3874 audi
1233 3809 1471 3895 patinis.
1506 3847 1592 3858 -
1626 3810 1799 3875 abiit.
1867 3811 2022 3893 quid
2055 3812 2234 3876 mea?
2268 3826 2372 3881 510

470 3901 800 3967 Postremo
833 3902 998 3967 inter
1032 3926 1100 3968 se
1135 3903 1489 3988 transigant
1521 3903 1662 3989 ipsi,
1697 3906 1768 3969 {it
1799 3905 1997 3981 lubet,

470 3993 745 4076 Quande
780 4019 898 4063 nee
939 4007 1166 4082 gnatus
1210 3999 1415 4079 neque
1460 3997 1564 4062 hie
1606 3997 1696 4064 mi
1737 3999 2076 4083 quiequam
2120 3998 2233 4063 ob-

1138 4092 1509 4178 temperant,
