2792 4617
201 325 310 395 lv,
331 326 368 380 4

219 2068 273 2107 60

219 3196 273 3238 '10

223 3948 274 3991 ⁷5
300 3931 419 3997 ΡΑ.

1120 323 1434 381 HEGYRA
2112 308 2239 382 225

480 447 658 514 der
690 447 846 531 quid
880 445 1090 524 faciat,
1124 449 1194 512 in
1227 470 1421 513 manu
1456 470 1583 512 non
1618 449 1716 512 est
1749 470 1909 513 mea.

479 539 615 606 Sed
648 542 800 625 quid
834 541 1140 608 faciemus
1175 543 1409 628 puero?
1477 541 1601 607 LA.
1639 541 1929 607 Ridicule
1963 561 2181 627 rogas:

479 634 809 718 Quidquid
842 635 1205 729 futurumst,
1244 635 1392 700 huic
1428 657 1610 700 suom
1644 636 1871 701 reddas
1909 636 2164 713 scilicet,

477 729 567 794 Vt
593 730 836 794 alamus
863 741 1166 795 nostrum.
1216 730 1336 794 ΡΑ.
1357 728 1571 812 Quem
1588 733 1724 815 ipse
1744 731 2016 795 neclexit
2040 746 2236 814 pater,
2276 738 2376 790 ΗΠ]

478 823 622 910 Ego
660 825 865 890 alam?
933 825 1057 890 LA.
1096 823 1274 906 Quid
1308 825 1503 888 dixti?
1548 824 1666 890 eho
1702 849 1782 890 an
1817 826 1943 890 nun
1982 826 2240 894 alemus,

1154 918 1529 1005 Pamphile?

473 1011 828 1078 Prodemus
865 1034 1101 1096 quaeso
1137 1012 1386 1098 potius?
1422 1035 1586 1096 quae
1621 1013 1779 1080 haec
1814 1014 2180 1078 amentifflffit‘}⁴

475 1105 670 1171 Enim
703 1109 855 1172 uero
890 1129 1148 1192 prorsus
1183 1107 1311 1171 iam
1347 1118 1555 1172 tacere
1589 1108 1718 1171 non
1752 1129 1915 1190 queo
1925 1132 1943 1185 3

475 1199 644 1266 Nam
679 1200 854 1286 cugis
890 1224 966 1267 ea
991 1221 1155 1283 quae
1191 1202 1339 1266 nolo
1373 1212 1447 1265 ut
1480 1212 1807 1287 praesente
1842 1203 1965 1267 hoc
1997 1202 2236 1282 loquar.

476 1294 789 1380 Ignarum,
818 1317 1038 1360 censes
1073 1298 1323 1359 tuarum
1357 1295 1783 1360 lacrumarum
1819 1297 1957 1360 esse
1992 1298 2132 1358 mc?
2276 1294 2376 1346 ffifj·

474 1391 612 1455 Aut
646 1388 802 1473 quid
837 1389 916 1454 sit
948 1390 1017 1454 id
1051 1389 1224 1472 quod
1261 1389 1591 1456 sollicitere
1626 1389 1709 1456 ad
1742 1390 1911 1455 hunc
1945 1390 2240 1454 modum?

476 1483 767 1548 Primum
800 1483 964 1548 hanc
997 1483 1110 1548 ubi
1146 1483 1303 1548 dixti
1347 1486 1625 1563 causam,
1668 1496 1731 1550 te
1774 1488 2028 1571 propter
2072 1502 2240 1546 [mun

472 1576 752 1643 Matrem
786 1601 917 1643 non
949 1601 1136 1664 posse
1171 1577 1406 1644 habere
1442 1579 1606 1644 hanc
1642 1581 1903 1644 uxorem
1940 1579 2128 1650 ᾶοῑῑιὶ,

472 1671 825 1738 Pollicitast
859 1696 937 1738 ea
971 1695 1039 1737 se
1075 1675 1517 1738 concessuram
1552 1697 1631 1738 ex
1668 1674 1949 1738 aedibus.

473 1766 664 1832 Nunc
696 1769 1033 1851 postquam
1068 1767 1431 1852 ademptam
1467 1768 1630 1833 hanc
1657 1770 1906 1855 quoque
1940 1767 2056 1834 tihi
2092 1790 2238 1834 cau-2
2276 1774 2376 1826 &tiu

1151 1863 1287 1925 sam
1322 1862 1523 1940 uides,

472 1953 648 2018 Puer
680 1953 831 2039 quia
866 1956 1029 2021 clam
1063 1965 1127 2020 te
1165 1967 1261 2021 est
1294 1959 1502 2034 natus,
1537 1967 1761 2022 nactus
1794 1958 2056 2024 alteram
2092 1982 2176 2026 es.

473 2047 687 2126 Erras,
725 2048 820 2113 tui
853 2048 1046 2120 animi
1081 2052 1136 2114 si
1169 2072 1273 2115 me
1310 2074 1451 2117 esse
1486 2052 1777 2137 ignarum
1812 2064 2016 2137 putas.

471 2142 842 2225 Aliquando
872 2144 1129 2208 tandem
1147 2143 1274 2209 huc
1301 2146 1582 2209 animum
1610 2155 1681 2210 ut
1706 2146 2016 2232 adiungas
2044 2162 2236 2222 tuum,

477 2234 689 2317 Quam
724 2237 986 2321 lungum
1022 2237 1297 2322 spatium
1333 2240 1585 2303 amandi
1620 2240 1887 2304 amicam
1922 2242 2036 2306 tibi
2068 2246 2236 2306 :lt-alil

475 2328 782 2415 Sumptus
817 2352 978 2414 quos
1014 2331 1220 2396 fecisti
1256 2334 1324 2396 in
1368 2355 1508 2397 eam
1545 2355 1736 2417 quam
1780 2335 1990 2399 animo
2036 2342 2236 2418 sequti
2276 2342 2376 2394 *3²:25

1148 2424 1292 2489 tuli!

471 2516 599 2603 Egi
633 2520 823 2600 atque
860 2518 1038 2582 oraui
1071 2520 1282 2584 tecum
1320 2542 1585 2584 uxorem
1617 2531 1689 2586 ut
1726 2522 2007 2600 duceres,

469 2611 751 2696 Tempus
789 2611 919 2676 dixi
955 2634 1121 2678 esse:
1157 2613 1418 2699 inpulsu
1456 2614 1693 2680 duxisti
1729 2639 1888 2682 me0.

475 2702 690 2790 [Quae
726 2717 862 2770 tum
898 2707 1237 2772 obsecutus
1271 2708 1428 2773 mihi
1461 2708 1667 2774 fecisti
1704 2721 1775 2774 ut
1812 2710 2156 2798 decueran]

472 2799 660 2864 Nunc
721 2800 1005 2865 animum
1064 2823 1316 2866 rursum
1376 2801 1460 2867 ad
1519 2805 1912 2870 meretricem
1976 2810 2236 2874 addtfflfi

1147 2906 1354 2961 tuom:

475 2984 630 3074 [Cui
665 2997 736 3052 tu
771 2988 1110 3054 obsecutus
1146 2990 1302 3056 facis
1340 2991 1488 3056 huic
1525 2992 1682 3057 adeo
1717 2990 2060 3078 iniuriam]
2272 3010 2372 3062 5⁴5³ss

467 3081 635 3146 Nam
668 3082 735 3146 in
770 3083 1037 3147 eandem
1075 3083 1273 3149 uitam
1309 3087 1369 3149 te
1408 3084 1769 3151 reuolutum
1806 3086 2012 3153 denuo

471 3177 678 3245 Video
714 3179 869 3242 esse.
958 3177 1078 3243 ΡΑ.
1114 3179 1350 3244 Mene?
1420 3181 1541 3244 LA.
1578 3181 1676 3246 Te
1708 3184 1948 3267 ipsum:
1984 3198 2044 3250 et
2080 3186 2236 3250 seu-is

1147 3272 1469 3337 iniuriam:

472 3362 805 3450 Confingis
843 3365 1038 3430 falsas
1075 3367 1297 3431 causas
1334 3368 1417 3432 ad
1453 3368 1847 3448 discurdiam,

469 3459 560 3525 Vt
595 3482 739 3523 cum
773 3459 883 3525 illa
916 3460 1119 3538 uiuae,
1155 3463 1382 3527 testem
1408 3462 1571 3527 hanc
1598 3485 1790 3547 quom
1818 3464 1932 3529 abs
1968 3475 2028 3530 te
2064 3470 2236 3530 arnu-

1144 3578 1332 3621 uer1s.

469 3646 810 3732 Sensitque
845 3649 1003 3714 adeo
1030 3672 1218 3728 uxor3
1255 3673 1407 3716 nam
1433 3653 1493 3716 ei
1528 3674 1720 3717 causa
1748 3653 1869 3716 alia
1896 3658 2056 3736 quae
2096 3658 2232 3730 fuit,
2272 3666 2372 3718 ssim

469 3743 684 3825 Quam
736 3742 819 3807 ob
876 3766 1014 3809 rem
1073 3746 1188 3809 abs
1251 3757 1312 3810 te
1375 3745 1614 3828 abiret?
1698 3746 1818 3811 PH.
1870 3747 2072 3814 Plane
2136 3750 2232 3814 his

1152 3840 1423 3904 diuinat:
1466 3863 1614 3904 nam
1648 3841 1715 3904 id
1749 3853 1861 3906 est.

472 3932 665 3996 Dabo
691 3931 790 3996 ius
818 3931 1154 3998 iurandum
1179 3935 1268 3998 nil
1296 3957 1433 4000 esse
1461 3934 1723 3999 istorum
1748 3935 1920 4000 mihi.
1960 3937 2080 4002 La⁴
2104 3942 2156 3998 Λ
2172 3942 2232 4014 h,

471 4025 774 4092 Redduce
809 4049 1093 4105 uxorem,
1129 4038 1241 4093 aut
1273 4050 1468 4112 quam
1503 4029 1586 4094 ob
1622 4051 1759 4094 rem
1790 4052 1921 4095 non
1963 4053 2120 4118 opus
2156 4036 2232 4098 sit

1151 4122 1326 4187 cedo·

409 4220 640 4264 Terentius.
1459 4199 1465 4209 ¹
1830 4225 1896 4281 15
