2792 4617
240 322 343 392 1,1

1100 316 1512 378 EVNVCHVS
2127 304 2273 371 '103

817 1242 1266 1308 PnAnntuA
1382 1242 1791 1308 Psnunno

844 1359 1234 1403 Anvmscnus
1467 1359 1690 1402 snnvos

238 1486 274 1538 1,
293 1490 315 1528 1
340 1470 461 1534 ΡΗ.
511 1469 686 1550 Quid
727 1472 920 1557 igitur
965 1473 1241 1538 faciam?
1292 1475 1421 1538 nen
1469 1495 1609 1537 eam
1651 1495 1732 1537 ne
1787 1473 1956 1536 nunc
1996 1470 2272 1556 quidem,

260 2524 309 2563 10

509 1565 724 1646 Quom
777 1569 1065 1633 accersor
1125 1567 1330 1632 ultro?
1391 1590 1475 1632 an
1535 1566 1746 1653 petius
1798 1565 1889 1631 ita
1939 1588 2042 1632 me
2104 1568 2272 1632 cem-

1183 1684 1425 1747 parem,

505 1753 653 1818 Non
688 1755 935 1841 perpeti
971 1758 1370 1821 meretricum
1409 1755 1854 1820 contumelias?

506 1847 824 1924 Exclusit3
862 1860 1149 1914 reuocatz
1184 1849 1478 1914 redeam?
1512 1871 1661 1926 non,
1698 1848 1751 1913 si
1785 1870 1889 1914 me
1926 1848 2228 1913 ebsecret„

439 1988 456 2005 .
504 1941 835 2026 Siquidem
871 1942 1081 2009 hercle
1117 1943 1338 2029 poesie,
1374 1944 1466 2008 nil
1501 1942 1676 2029 prius
1711 1965 1919 2028 neque
1953 1943 2196 2008 fel-tius.
2312 1960 2376 2012 [ιῡ

505 2035 747 2102 Verum
785 2036 840 2101 si
873 2036 1135 2123 incipies
1169 2038 1379 2120 neque
1415 2037 1750 2123 pertendes
1787 2037 2079 2123 gneuiter

505 2131 753 2215 Atque,
814 2131 927 2196 ubi
978 2131 1110 2218 pati
1162 2153 1288 2196 non
1349 2133 1617 2217 peteris,
1679 2154 1871 2216 quom
1929 2155 2115 2197 nemo
2164 2136 2272 2196 ex-

1183 2236 1376 2312 petet,

503 2318 750 2384 Infecta
783 2340 941 2404 pace
975 2319 1142 2385 ultro
1176 2320 1259 2384 ed
1297 2342 1439 2385 eam
1473 2320 1692 2386 uenies
1726 2320 2011 2386 indicans

505 2413 603 2478 Te
637 2415 849 2478 amere
885 2423 949 2479 et
982 2412 1147 2479 ferre
1182 2415 1310 2478 nen
1346 2435 1564 2499 posset
1602 2424 1892 2492 actumst,
1928 2414 2119 2491 ilicet,

503 2505 766 2572 Peristi:
807 2507 1039 2584 eludet,
1075 2507 1188 2572 ubi
1224 2517 1287 2573 te
1321 2507 1565 2573 uictum
1602 2509 1883 2574 senserit.

504 2599 703 2665 Proin
757 2603 856 2678 tu,
911 2601 1063 2666 dum
1117 2610 1213 2668 est
1263 2612 1547 2688 tempus,
1598 2603 1789 2668 etiam
1840 2613 2032 2688 atque
2082 2604 2268 2668 etiam

503 2786 663 2854 Ere:
733 2790 898 2873 quae
959 2810 1060 2855 res
1119 2697 1598 2950 inwffieque
1666 2791 1992 2856 consilium
2062 2791 2268 2872 nequi:

1185 2908 1250 2948 m

502 2976 722 3042 Habet
753 2978 973 3055 iillum,
1010 2999 1150 3043 eam
1186 2979 1445 3044 consilio
1479 2999 1699 3064 regere
1732 2980 1861 3043 nen
1897 2989 2098 3066 potes.

408 3131 412 3134 ,
505 3070 585 3137 In
620 3072 834 3137 amere
869 3071 1026 3138 haec
1059 3072 1274 3138 omnia
1304 3075 1523 3137 insunt
1554 3071 1738 3138 uitia:
1773 3072 2057 3150 iniuriae,

257 3182 306 3222 15

507 3163 936 3250 Suspiciones,
970 3165 1357 3244 inimicitiae,
1392 3167 1694 3244 indutiae,
2308 3184 2372 3236 [3⁴]

504 3259 777 3336 Bellum,
812 3284 941 3347 pax
974 3282 1252 3326 rursum:
1289 3261 1532 3326 incerta
1563 3259 1721 3326 haec
1756 3261 1808 3325 si
1842 3272 1910 3326 tu
1945 3261 2228 3348 pestules

506 3353 776 3418 Ratiene
812 3365 985 3419 certa
1016 3354 1248 3432 fecere,
1283 3354 1481 3419 nihilo
1516 3355 1659 3440 plus
1696 3377 1871 3441 agas,

509 3445 721 3526 Quam
756 3450 811 3512 si
845 3447 954 3514 des
988 3470 1247 3534 operam
1284 3459 1354 3514 ut
1390 3451 1535 3514 cum
1571 3448 1812 3514 ratione
1845 3449 2141 3515 insenius·

505 3539 592 3604 Et
625 3539 797 3624 qued
830 3563 1002 3608 nunc
1036 3551 1170 3607 tute
1206 3544 1415 3607 tecum
1452 3543 1651 3608 iratus
1691 3543 1932 3628 cogitas

507 3633 725 3720 ‘Egon
757 3633 953 3713 illam,
998 3655 1164 3719 quae
1198 3635 1396 3714 illum,
1442 3639 1608 3720 quae
1641 3660 1766 3715 me,
1809 3657 1974 3721 quae
2000 3658 2129 3702 non
2164 3688 2180 3700 .
2222 3640 2266 3700 ,Ι
2304 3656 2372 3704 1323

1182 3732 1318 3796 sine
1350 3731 1562 3808 modo,

505 3820 678 3886 Mori
711 3843 816 3887 me
850 3823 1094 3888 malim:
1132 3824 1359 3891 sentiet
1392 3824 1505 3907 qui
1538 3827 1638 3888 uir
1672 3824 1826 3891 siem
1841 3825 1884 3889 ’z

507 3917 691 3980 Haec
723 3917 924 3981 uerba
957 3940 1087 3982 una
1119 3917 1433 3984 mehercle
1467 3918 1629 3984 falsa
1661 3919 2008 3996 lacrimula,

506 4007 718 4091 Quam
756 4011 973 4077 ocules
1009 4013 1268 4078 terendo
1303 4016 1529 4079 misere
1564 4013 1675 4077 uix
1710 4014 1774 4077 ui
1814 4012 2204 4098 expresserit,

505 4103 903 4190 Restinguet,
942 4116 1004 4171 et
1037 4116 1101 4172 te
1136 4106 1300 4172 ultro
1333 4107 1678 4185 accusabit,
1714 4110 1773 4171 et
1811 4107 1991 4173 dabis
