2792 4617
14 70 15 76 x
346 63 361 84 ρ
378 53 405 71 ⁸,

124 92 135 107 fl
190 95 201 106 Ι
232 107 241 120 ⁴

191 228 318 304 Ἰν,
348 236 380 289 1
1148 235 1449 291 ANDRIA
2175 214 2260 281 35

502 356 635 422 Vbi
669 360 828 443 dpus
865 367 986 436 est3
1021 357 1112 422 illi
1144 357 1255 421 ubi
1288 358 1379 421 nil
1416 357 1620 441 opust,
1655 355 1745 420 ibi
1778 354 2094 419 uerentur.

235 467 291 507 15
499 449 631 516 Sed
665 451 819 534 quid
855 452 1080 537 agam?
1124 451 1429 515 adeamne
1474 449 1559 514 ad
1593 472 1737 515 eum
1773 459 1836 513 et
1879 469 2022 512 cum
2059 468 2134 512 eo
2167 444 2266 511 in-

1175 545 1402 608 iuriam
1438 543 1602 608 hanc
1638 542 2071 627 expdstulem?

497 616 795 723 Egeram
830 639 999 703 mala
1031 638 1269 703 multa?
1304 649 1494 720 atque
1522 636 1745 722 aliquis
1776 636 1944 701 dicat
1978 634 2095 700 ‘nil
2122 656 2267 720 pro-
2301 644 2404 699 640

1179 730 1512 797 ωόιιθτίεέ

497 823 807 891 Multum:
874 827 1176 892 molestus
1238 828 1407 890 certe
1468 825 1526 890 ei
1586 824 1765 889 fuero
1817 834 2007 908 atque
2057 822 2264 887 anima]

1178 942 1422 984 morem
1457 921 1731 1005 gessero·

321 1010 443 1074 ΡΑ.
500 1008 799 1090 Charine,
844 1024 910 1078 et
951 1036 1055 1079 me
1099 1024 1162 1080 et
1205 1024 1269 1078 te
1312 1012 1681 1098 inprudens,
1724 1010 1842 1074 nisi
1887 1009 2040 1094 quid
2074 1010 2140 1074 di
2172 1035 2268 1075 re-

1181 1106 1474 1192 spiciunt,
1511 1104 1776 1191 perdidi.
2149 1091 2180 1143 ⁸

328 1197 449 1264 Cn.
496 1180 679 1267 itane
732 1200 1175 1286 ‘inprudens'?
1226 1201 1484 1265 tandem
1535 1200 1853 1265 inuentast
1897 1198 2115 1263 causa:
2172 1223 2268 1263 sn-

1176 1295 1349 1359 luisti
1380 1293 1592 1358 fidem.

234 1406 294 1445 20
323 1386 446 1451 PA.
505 1386 681 1469 Quid
731 1388 1084 1454 ‘tandem’?
1189 1386 1310 1453 Cn.
1382 1388 1599 1453 Etiam
1648 1386 1817 1451 nunc
1878 1407 1981 1450 me
2040 1385 2268 1451 ducem

1179 1483 1316 1547 istis
1352 1482 1535 1546 dictis
1570 1481 1890 1566 pbstulas?

321 1576 445 1639 PA.
502 1575 678 1657 Quid
722 1577 886 1642 istuc
930 1578 1063 1642 est?
1149 1575 1268 1641 Cn.
1321 1576 1675 1658 Postquam
1717 1598 1821 1640 me
1866 1596 2077 1639 amare
2122 1573 2268 1647 dixi,
2308 1583 2408 1635 ΜΞ,

1179 1670 1588 1755 conplacitast
1623 1669 1759 1733 tibi.

501 1765 650 1830 Heu
691 1787 795 1830 me
837 1764 1167 1841 miserum,
1224 1767 1336 1848 qui
1387 1775 1564 1828 tuom
1610 1763 1890 1827 animum
1934 1784 2014 1827 ex
2060 1761 2272 1827 anime

1182 1860 1467 1943 spectaui
1498 1858 1669 1922 mcci

320 1951 449 2015 ΡΑ.
506 1950 776 2016 Falsu’S.
886 1950 1006 2018 CH.
1077 1951 1307 2017 Nonne
1370 1952 1488 2017 tibi
1549 1963 1647 2017 sat
1698 1974 1836 2017 esse
1888 1950 2008 2016 hoc
2062 1954 2268 2015 uisum

1184 2046 1516 2111 sclidumst
1550 2047 1876 2131 gaudium,

501 2138 592 2203 Ni
638 2161 742 2205 me
793 2140 1092 2205 lactasses
1143 2151 1462 2205 amantem
1523 2151 1585 2206 et
1646 2140 1807 2204 falsa
1866 2161 1979 2225 spe
2039 2139 2272 2224 produ-

1184 2234 1398 2300 ceres?

234 2344 290 2385 25
504 2326 783 2410 Habeas,
836 2327 957 2391 ΡΑ.
994 2327 1329 2393 Habeam?
1365 2326 1467 2403 ah,
1492 2327 1699 2393 nescis
1722 2328 1972 2411 quantis
1999 2328 2066 2389 in
2092 2327 2268 2389 malis

1180 2424 1401 2486 uorser
1432 2421 1641 2499 miser,

505 2511 919 2597 Quantasque
954 2515 1057 2582 hic
1093 2516 1366 2581 consiliis
1405 2515 1534 2580 suis
1576 2513 1785 2601 [mihi]
1825 2513 2123 2579 conflauit
2148 2515 2272 2579 snl-
2308 2519 2408 2571 [33ss

1183 2610 1562 2687 licitudines‚

502 2701 693 2767 Meus
722 2703 1043 2769 carnufex.
1116 2701 1237 2770 Cn.
1276 2701 1453 2784 Quid
1487 2704 1650 2767 istuc
1684 2713 1813 2767 tam
1847 2702 2157 2780 mirumst,
2192 2703 2268 2767 del

1180 2810 1244 2863 te
1279 2798 1332 2862 si
1369 2799 1727 2883 exemplum
1766 2797 1969 2883 capit?

325 2892 451 2955 ΡΑ.
500 2890 703 2956 Haud
736 2894 901 2956 istuc
936 2891 1132 2969 dicas,
1170 2896 1225 2956 si
1259 2890 1550 2978 cognoris
1585 2891 1690 2957 uel
1724 2914 1826 2956 me
1860 2892 1965 2956 uel
1992 2895 2268 2956 amonim

1180 3009 1415 3051 meum.

329 3078 453 3144 Cn.
501 3078 676 3145 Scio:
741 3080 888 3144 cum
939 3089 1118 3165 patre
1170 3079 1485 3145 altercasti
1547 3079 1816 3157 dudum,
1881 3090 1945 3145 et
1993 3082 2048 3144 is
2099 3104 2268 3145 nune

1181 3177 1515 3259 propterea
1551 3174 1667 3238 tibi

236 3288 297 3329 30
505 3266 847 3334 Suscenset
905 3290 1024 3333 nec
1082 3278 1145 3333 te
1199 3268 1404 3352 quiuit
1454 3267 1644 3333 hodie
1696 3270 1923 3353 cugere
1975 3268 2146 3334 illam
2200 3283 2268 3331 ut.

1180 3361 1463 3428 duceres,

327 3455 454 3520 ΡΑ.
505 3456 710 3520 Immo
745 3456 954 3534 etiam,
991 3478 1180 3541 quom
1215 3467 1285 3521 tu
1317 3459 1527 3521 minus
1564 3456 1685 3521 scis
1712 3460 2045 3521 aerumnas
2070 3480 2264 3531 meas,
2304 3471 2400 3523 ιῑῑιζι

501 3551 683 3615 Haec
718 3552 973 3636 nuptiae
1010 3574 1137 3615 non
1171 3550 1643 3637 adparabantur
1675 3551 1849 3627 mihi,

500 3643 638 3708 Nec
673 3645 1032 3730 pustulabat
1065 3646 1233 3709 nunc
1269 3644 1602 3727 quisquam
1642 3646 1905 3708 uxorem
1942 3643 2110 3708 dare.

333 3736 456 3803 Cn.
505 3735 682 3801 Scio:
718 3737 788 3800 tu
824 3749 1079 3802 coactus
1115 3741 1224 3801 tua
1259 3738 1586 3802 uoluntate
1621 3738 1709 3801 es.
1788 3736 1907 3800 ΡΑ.
1953 3736 2176 3801 Mane:

239 3849 300 3891 85
499 3830 647 3895 Non
674 3831 824 3894 dum
853 3832 994 3897 scis.
1067 3829 1187 3896 Cn.
1227 3830 1378 3896 Scio
1409 3830 1701 3914 equidem
1726 3831 1900 3895 illam
1928 3829 2260 3894 ducturum

1179 3928 1317 3990 esse
1352 3935 1436 3989 te.

323 4018 445 4084 ΡΑ.
503 4016 684 4101 Quor
718 4043 820 4083 me
855 4020 1103 4085 enicas?
1136 4020 1257 4085 hoc
1292 4019 1468 4084 audi:
1505 4040 1855 4101 numquam
1890 4016 2126 4081 destitit
2296 4023 2396 4075 *Etim

1850 4117 1917 4172 3*
