2792 4617
379 723 484 779 820
515 716 640 783 Dn.
682 718 873 785 Mitto
889 742 1052 784 remz
1072 721 1594 786 consuetiidinem
1612 720 1942 785 amboriim
1961 767 1978 784 .
1998 768 2015 784 .
2070 720 2190 784 M1.
2216 719 2444 784 Mane:

379 1202 483 1258 825

372 1769 477 1824 830

368 2899 473 2955 840

367 3551 470 3608 845

518 296 644 363 272

593 3257 599 3262 ⁵
674 3265 823 3332 Vna
864 3263 1016 3329 illuc
1059 3285 1310 3329 mecum
1356 3262 1503 3327 hinc
1545 3262 1927 3328 abstraham.
2014 3261 2131 3327 M1.
2176 3262 2437 3348 Pugna-

2152 7 2155 10 *
2236 5 2757 119 ῑψῑτππ

1271 312 1688 369 ADELPHOE
2426 313 2495 384 V,
2519 313 2554 371 3

686 435 767 501 Id
802 435 880 500 de
914 436 1090 501 lucro
1123 438 1345 521 putato
1381 459 1520 503 esse
1554 457 1759 503 omne.
1829 435 1988 502 haec
2022 438 2079 502 si
2112 435 2285 501 uoles

685 530 766 595 In
801 530 1013 596 animo
1048 553 1198 596 uere
1233 531 1531 616 cogitare,
1567 530 1837 610 Demea,

686 623 774 690 Et
809 626 898 690 mi
933 627 996 690 et
1030 625 1145 690 tibi
1181 636 1244 691 et
1278 625 1402 691 illis
1438 626 1783 711 dempseris
1820 625 2189 690 molestiam.

686 811 866 879 Scio:
901 816 1066 879 istuc
1099 814 1290 881 ibam.
1361 813 1562 879 mfflta
1593 814 1661 880 in
1698 815 1970 891 bomine,
2007 814 2273 889 Demea,
2472 828 2528 869 3⁵

686 906 887 992 Signa
920 910 1156 986 insunt,
1195 931 1275 975 ex
1309 907 1541 992 quibus
1576 909 1934 975 coniectura
1967 908 2150 974 facile
2184 909 2276 986 fit,

684 1001 837 1067 Duo
872 1005 1063 1087 quom
1097 1003 1266 1068 idem
1301 1002 1565 1079 faciunt,
1603 1006 1792 1089 saepe
1825 1014 1898 1068 ut
1932 1003 2135 1089 possis
2170 1003 2377 1068 dicere

684 1096 860 1162 ‘Hoc
894 1097 1042 1162 licet
1076 1097 1315 1183 inpune
1349 1096 1559 1162 facere
1594 1097 1761 1175 huic,
1797 1097 1888 1162 illi
1921 1099 2045 1162 non
2080 1097 2273 1174 licet',

683 1190 828 1255 Non
862 1192 988 1274 quo
1024 1190 1342 1256 dissimilis
1377 1193 1477 1255 res
1514 1191 1613 1268 sit,
1652 1191 1765 1257 sed
1799 1214 1924 1275 quo
1960 1192 2013 1256 is
2048 1194 2158 1275 qui
2189 1191 2359 1255 facit.

683 1284 868 1364 Quae
905 1307 1024 1371 ego
1060 1286 1265 1351 inesse
1301 1287 1366 1349 in
1402 1285 1525 1349 illis
1562 1287 1767 1363 uide0‚
1812 1296 1884 1350 ut
1918 1286 2232 1350 confidam
2266 1286 2401 1349 fore
2470 1301 2527 1341 40

678 1379 781 1445 Ita
815 1390 886 1444 ut
920 1379 1232 1444 uolumus·
1303 1378 1491 1444 uideo
1529 1402 1637 1445 eos
1673 1383 1914 1465 sapere,
1958 1380 2341 1466 intellegere,
2377 1381 2443 1442 in

1358 1474 1500 1538 loco

677 1567 921 1645 Vereri,
957 1567 1121 1632 inter
1156 1589 1224 1632 se
1260 1570 1500 1633 amare:
1538 1567 1708 1632 seiris
1744 1567 2011 1632 liberum

678 1661 1016 1747 Ingenium
1054 1672 1243 1746 atque
1278 1660 1587 1726 animum:
1623 1663 1747 1744 quo
1783 1663 1881 1727 uis
1917 1662 2056 1726 illos
2090 1662 2180 1747 tn·
2196 1660 2297 1725 die

680 1755 1040 1820 Reddiicas.
1113 1767 1178 1820 at
1214 1756 1382 1821 enim
1427 1756 1691 1832 metuas,
1727 1779 1807 1821 ne
1845 1756 1927 1820 ab
1962 1779 2030 1821 re
2066 1758 2189 1821 sint
2222 1768 2432 1821 tamen

680 1846 1062 1914 Omissiores
1098 1851 1307 1935 patilo.
1380 1871 1419 1914 o
1453 1862 1667 1915 noster
1699 1850 1968 1928 Demea,
2467 1866 2525 1906 4⁵

676 1943 789 2008 Ad
823 1944 1033 2008 omnia
1069 1945 1193 2009 alia
1229 1946 1434 2009 aetate
1470 1944 1747 2029 sapimus
1784 1944 2042 2022 rectius3

684 2037 910 2104 Solum
943 2040 1143 2102 {mum
1178 2037 1298 2103 hoc
1341 2037 1569 2102 uitium
1614 2039 1817 2103 adfert
1852 2049 2142 2105 senectus
2177 2036 2439 2101 homini-

1360 2133 1509 2196 bus:

676 2225 1085 2291 Adtentiores
1123 2226 1338 2289 snmus
1375 2226 1457 2290 ad
1492 2247 1628 2290 rem
1663 2247 1905 2302 omnes,
1941 2227 2133 2308 quam
2165 2235 2265 2290 sat
2299 2235 2419 2290 est:

678 2319 870 2402 Quod
931 2320 1068 2385 illos
1132 2331 1230 2384 sat
1291 2328 1464 2385 aetas
1517 2321 1720 2386 acuet.
1826 2319 1951 2383 Dm.
2019 2320 2083 2384 N
2083 2341 2118 2384 e
2175 2320 2437 2384 nimiiim

1355 2415 1543 2479 modo

677 2511 896 2575 Bonae
933 2520 1080 2574 tuae
1114 2509 1274 2574 istae
1307 2510 1422 2573 nos
1458 2509 1750 2585 rationes,
1786 2509 2004 2587 Micio,
2467 2527 2522 2568 50

676 2604 765 2669 Et
798 2606 940 2668 tilos
975 2604 1093 2669 iste
1129 2603 1375 2669 animus
1413 2605 1649 2687 aequos
1685 2603 2031 2668 subuortat.
2085 2603 2200 2667 M1.
2236 2602 2436 2669 Tace:

674 2700 820 2764 Non
855 2699 986 2764 fiet.
1058 2698 1235 2763 mitte
1268 2699 1396 2763 iam
1430 2700 1655 2774 istaec;
1693 2697 1776 2762 da
1809 2708 1872 2762 te
1906 2698 2093 2762 hodie
2126 2697 2310 2762 mihi:

675 2792 975 2879 Exporge
1009 2793 1300 2859 frontem.
1388 2792 1511 2856 Dm.
1560 2791 1815 2859 Scilicet
1848 2793 1935 2857 ita
1969 2795 2217 2879 tempus
2254 2793 2405 2860 fert:

677 2889 735 2953 F
737 2887 1156 2953 acil'mdumst.
1229 2898 1508 2952 ceterum
1544 2889 1663 2973 ego
1698 2910 1807 2951 rus
1842 2908 1980 2952 cras
2016 2909 2160 2952 cum
2194 2887 2327 2951 filio

677 2978 844 3047 Cum
880 2984 1083 3067 primo
1117 2981 1244 3046 luci
1279 2981 1385 3045 ibo
1421 2981 1586 3047 hinc.
1657 2981 1776 3046 M1.
1820 2980 1926 3047 De
1959 2992 2146 3047 nocte
2182 2984 2436 3047 censeo:
2465 2999 2519 3041 5⁵

673 3076 886 3142 Hodie
922 3077 1113 3141 modo
1148 3075 1419 3140 hilarum
1452 3075 1555 3141 fac
1590 3086 1671 3141 te.
1741 3075 1885 3140 Dm.
1930 3074 2016 3139 Et
2051 3076 2236 3140 istam
2271 3078 2438 3162 psal-

1139 3189 1143 3193 ’
1354 3169 1543 3235 triam

673 3450 772 3516 Eo
807 3453 994 3538 pacto
1027 3472 1320 3536 prorsum
1351 3381 1784 3537 illliIZdligaris
1820 3451 2042 3515 filium.

672 3546 874 3610 Modo
925 3545 1116 3611 facito
1169 3556 1239 3610 ut
1296 3546 1471 3611 illam
1532 3548 1768 3611 seruos.
1872 3545 1998 3610 Dm.
2069 3545 2215 3630 Ego
2273 3543 2438 3612 istuc

672 3740 893 3819 Atque
927 3733 1017 3798 ibi
1052 3733 1307 3799 fauillae
1339 3641 1744 3820 gigig'fumi
1780 3755 1854 3797 ac
1889 3733 2139 3818 pollinis
2462 3752 2514 3792 eo

674 3825 1027 3912 Coquendo
1063 3828 1144 3892 sit
1177 3828 1327 3893 faxo
1363 3830 1429 3892 et
1461 3828 1780 3903 molend03
1817 3829 2065 3912 praeter
2099 3827 2256 3893 haec

670 3922 944 3988 Meridie
977 3922 1118 4007 ipso
1153 3922 1383 3987 faciam
1420 3934 1490 3987 ut
1513 3922 1821 4008 'stipulam
1857 3923 2135 4007 colligat:

670 4017 833 4082 Tam
884 4018 1210 4083 excoctam
1261 4016 1523 4083 reddam
1577 4028 1766 4101 atque
1816 4019 2018 4080 atram
2060 4038 2251 4100 quam
2297 4037 2431 4080 car-

1348 4111 1508 4177 bost.
1594 4111 1712 4176 Ml.
1757 4110 2007 4176 Placet:
