2792 4617
2273 12 2280 34 ³
2317 33 2324 37 >
2374 12 2778 78 ‘'-w

2437 61 2464 97 ¹:
2496 53 2533 96 4·-
2614 98 2628 116 f
2673 57 2707 86 m·
2763 49 2771 57 ”

531 317 655 382 208
1347 328 1657 385 HECYRA
2399 330 2510 401 111,
2534 329 2572 385 1

700 455 951 520 Hacine
993 475 1187 519 causa
1228 474 1350 539 ego
1394 454 1567 518 eram
1611 463 1784 518 tanto
1830 475 2021 539 opere
2064 453 2331 540 cupidus
2366 475 2466 518 re-

1377 546 1612 612 deundi
1647 547 1933 612 domuml
1970 547 2097 626 hui,

703 641 959 724 Quanto
994 642 1202 708 fuerat
1235 641 1675 728 praestabilius
1708 642 1919 707 ubiuis
1956 641 2241 729 gentium
2274 643 2465 726 agere

1379 745 1651 801 aetatem

393 835 498 891 285
701 829 915 913 Quam
967 831 1093 897 huc
1142 830 1348 897 redire
1400 841 1591 913 atque
1643 829 1802 896 haec
1850 830 1941 895 ita
1985 852 2123 896 esse
2166 831 2467 895 miserum
2517 844 2548 885 5

1373 945 1478 988 me
1511 923 1877 989 resciscere!

699 1018 864 1083 Nam
906 1042 1023 1084 nos
1067 1040 1287 1084 omnes
1329 1017 1561 1102 quibus
1607 1028 1702 1084 est
1749 1018 2037 1085 alicunde
2081 1017 2309 1102 aliquis
2353 1016 2467 1081 ob-

1374 1112 1575 1178 iectus
1607 1111 1807 1189 labos,

703 1186 915 1274 Omne
949 1206 1122 1292 quod
1157 1216 1254 1272 est
1285 1206 1529 1271 interea
1562 1216 1813 1292 tempus
1848 1208 2023 1292 prius
2056 1226 2250 1290 quam
2274 1204 2341 1270 id
2365 1227 2465 1270 re-

1373 1300 1660 1366 scitumst
1692 1302 1946 1366 lucrost.

529 1393 687 1460 PAR.
732 1376 826 1460 At
867 1396 958 1461 sic
1000 1395 1186 1460 citius
1229 1396 1339 1479 qui
1383 1405 1446 1461 te
1482 1395 1780 1481 expedias
1816 1395 1976 1461 hisee
2013 1393 2331 1461 aerumnis
2366 1395 2467 1459 re-

1296 1537 1300 1543 ·
1373 1512 1611 1574 penas:

703 1583 778 1648 Si
817 1606 946 1648 non
989 1583 1311 1660 rediisses,
1365 1582 1520 1648 haec
1568 1583 1700 1648 irae
1750 1582 1957 1649 factae
2009 1594 2219 1649 essent
2265 1582 2466 1648 multo

652 1699 657 1705 ·
1374 1676 1731 1762 ampliores.

394 1776 498 1831 290
707 1770 841 1837 Sed
872 1795 1042 1837 nunc
1078 1771 1425 1837 aduentum
1463 1784 1638 1836 tuom
1666 1772 1906 1850 ambas,
1942 1771 2298 1857 Pamphile,
2333 1771 2466 1837 scio
2492 1790 2545 1830 ιο

1377 1866 1787 1931 reuerituras:

701 1961 867 2026 Rem
894 1981 1258 2046 cognosces,
1295 1962 1456 2024 iram
1483 1960 1799 2046 expedies,
1826 1961 2077 2025 rursum
2103 1959 2169 2024 in
2196 1960 2465 2046 gratiam

1375 2054 1688 2120 restitues.

704 2146 910 2212 Leuia
945 2157 1111 2224 sunt,
1149 2168 1312 2231 quae
1348 2149 1419 2211 tu
1442 2148 1781 2233 pergrauia
1807 2169 1945 2212 esse
1970 2149 2036 2212 in
2064 2146 2344 2212 animum
2370 2144 2468 2211 in-

1384 2242 1565 2307 duxti
1600 2253 1792 2307 tuom.

531 2337 695 2402 Pu.
742 2335 918 2417 Quid
954 2336 1280 2401 consolare
1314 2337 1454 2401 me?
1497 2339 1579 2400 an
1623 2336 1956 2420 quisquam
1998 2357 2270 2419 usquam
2310 2336 2467 2421 gen-

1378 2431 1598 2495 tiumst
1632 2433 1832 2514 aeque
1866 2430 2093 2495 miser?

701 2524 892 2590 Prius
945 2547 1138 2608 quam
1189 2524 1355 2589 hanc
1398 2546 1660 2589 uxorem
1712 2523 1893 2600 duxi,
1949 2522 2264 2588 habebam
2313 2523 2464 2588 alibi

693 2643 697 2648 ¹
1380 2618 1663 2683 animum
1698 2619 1898 2682 amori
1933 2618 2245 2684 deditum:

397 2718 500 2772 295
703 2714 950 2779 Tamen
984 2735 1332 2799 numquam
1368 2735 1559 2778 ausus
1596 2714 1737 2777 sum
1771 2735 2062 2779 recusare
2099 2717 2237 2778 eam
2272 2735 2465 2797 quam
2491 2731 2546 2773 1⁶

1379 2807 1469 2871 mi
1505 2806 1781 2872 obtrudit
1816 2817 2024 2891 pater:

704 2903 843 2968 Iam
875 2901 944 2966 in
977 2901 1097 2967 hac
1130 2924 1219 2979 re,
1257 2912 1329 2966 ut
1362 2911 1629 2978 taceam,
1666 2900 1914 2986 quoiuis
1951 2901 2136 2966 facile
2172 2903 2334 2967 scitu
2366 2911 2466 2967 est
2490 2918 2545 2960 15

1378 3016 1571 3078 quam
1606 2994 1835 3060 fuerim
1870 2995 2075 3059 miser.

704 3089 835 3157 Vix
869 3112 971 3155 me
1004 3089 1157 3155 sslim
1193 3089 1474 3155 abstraxi
1517 3100 1707 3173 atque
1748 3089 2099 3174 inpeditum
2144 3088 2211 3152 in
2244 3112 2320 3154 ea
2354 3091 2465 3155 ex-

1375 3181 1593 3267 pediui
1628 3182 1908 3247 animum
1943 3205 2175 3259 meum,

701 3277 955 3360 Vixque
982 3276 1107 3341 huc
1134 3277 1553 3342 contuleram:
1583 3299 1704 3355 em,
1732 3278 1902 3341 noua
1926 3299 2026 3342 res
2045 3288 2258 3353 ortast,
2276 3279 2464 3363 porro

1383 3371 1468 3435 ab
1501 3370 1622 3436 hac
1658 3394 1821 3455 quae
1855 3394 1957 3436 me
1992 3371 2333 3436 abstrahat.

703 3465 872 3529 Tum
903 3467 1167 3530 matrem
1199 3487 1281 3529 ex
1304 3485 1380 3530 ea
1408 3487 1477 3530 re
1504 3487 1608 3530 me
1643 3467 1753 3530 aut
1776 3487 2039 3530 uxorem
2064 3464 2130 3528 in
2158 3465 2342 3549 culpa
2367 3464 2464 3528 in-

1375 3569 1715 3623 uenturum
1751 3558 2048 3623 arbitron

395 3664 499 3721 300
703 3651 900 3734 Quod
951 3674 1145 3737 quom
1195 3654 1285 3717 ita
1337 3675 1476 3718 esse
1527 3652 1850 3729 inuenero,
1904 3651 2057 3735 quid
2108 3661 2300 3716 restat
2342 3652 2465 3716 nisi
2490 3672 2547 3713 so

1376 3768 1564 3830 porro
1599 3756 1670 3810 ut
1703 3746 1853 3809 fiam
1888 3745 2121 3833 miser?

698 3839 865 3905 Nam
910 3839 1127 3905 matris
1173 3839 1337 3904 ferre
1381 3839 1640 3904 iniurias
1682 3862 1785 3905 me
1798 3888 1817 3917 ,
1868 3839 2211 3915 ParmenO,
2262 3837 2467 3923 pietas

1376 3933 1583 4011 iubet3

700 4026 868 4091 Tum
921 4026 1104 4091 uxori
1156 4027 1463 4091 obnoxius
1518 4050 1686 4092 sum:
1740 4027 1829 4091 ita
1873 4028 2023 4093 olim
2068 4028 2181 4093 suo
2223 4048 2325 4091 me
2366 4026 2469 4090 in-

1374 4121 1564 4208 genio
1599 4122 1874 4207 pertulit,
2766 4136 2768 4216 Q
