2792 4617
315 243 361 314 1,
385 245 425 299 2
1207 240 1560 297 Pnonmo
1828 246 1898 321 m·
1937 198 2034 277 „e”
2233 222 2355 290 153

586 363 790 431 Modo
824 365 897 429 ut
932 374 1142 431 tacere
1176 364 1401 450 pessis.
1488 363 1618 428 DA.
1654 361 1790 427 Abi
1823 360 1927 439 sis,
1959 361 2263 429 insciens:

344 478 394 518 ιο
593 458 843 541 Quoius
877 459 951 523 tu
982 459 1175 525 fidem
1209 458 1275 523 in
1310 457 1583 544 pecunia
1616 457 2033 544 perspexeris,
2132 446 2280 554 μιωῖ-
2327 392 2460 516 “30

587 553 827 620 Verere
861 553 1061 619 uerba
1097 553 1155 619 ei
1189 553 1483 620 credere?
1533 552 1645 617 ubi
1679 550 1833 637 quid
1869 550 2022 615 mihi
2056 550 2274 617 lucrist

588 647 687 714 Te
720 646 979 713 fallere?
1024 645 1148 713 Gn.
1177 646 1354 732 Ergo
1380 647 1685 712 ausculta.
1729 646 1858 711 DA.
1886 647 2077 710 Hanc
2101 667 2357 732 operam

1269 740 1385 805 tibi
1423 741 1582 806 (1100.
1661 768 1688 798 x
1745 751 1820 807 J
1877 784 1882 787 n
1931 744 1976 783 ·”
2321 742 2388 777 ‘⁴'

422 833 548 903 Gn.
596 834 782 902 Senis
817 834 1032 913 nestri,
1068 834 1278 912 Daue,
1315 836 1578 901 fratrem
1611 834 1912 899 maiorem
1949 832 2291 899 Chremem

588 929 854 995 Nostin?
923 928 1053 994 DA.
1091 927 1268 1011 Quid
1310 928 1415 993 ni?
1487 927 1611 993 Gn.
1649 926 1864 1009 Quid?
1916 928 2051 994 eius
2094 939 2359 1013 gnatum

1266 1021 1689 1087 Phaedriam?

345 1133 401 1176 ιε
419 1116 549 1181 DA.
585 1116 749 1182 Tam
810 1118 1005 1200 quam
1065 1126 1149 1182 te.
1253 1114 1378 1182 Gn.
1432 1114 1671 1183 Euenit
1730 1115 1987 1181 senibus
2050 1113 2358 1183 ambobus
2393 1119 2461 1174 65

1273 1210 1462 1275 simul

592 1304 728 1370 Iter
759 1303 851 1369 ssli
886 1302 953 1369 in
988 1302 1309 1369 Lemnum
1341 1315 1416 1371 ut
1448 1305 1636 1383 esset,
1670 1315 1881 1369 nostro
1915 1302 1980 1368 in
2018 1301 2307 1369 Ciliciam

312 1452 341 1475 ,
589 1398 701 1463 Ad
735 1397 1049 1483 hespitem
1084 1398 1429 1483 antiquom.
1498 1400 1554 1463 is
1590 1420 1805 1464 senem
1840 1420 1954 1483 per
1989 1397 2288 1484 epistulas

99 1494 207 1573 Μ
220 1470 453 1568 Cae*
486 1491 881 1569 r..a--Pellexiu
916 1491 1107 1557 modo
1139 1513 1269 1557 non
1301 1492 1530 1557 mentis
1567 1493 1705 1558 auri
1739 1492 2059 1578 pellicens.

419 1586 550 1653 DA.
588 1585 760 1666 Quoi
796 1590 973 1652 tanta
1006 1598 1139 1652 erat
1174 1609 1275 1652 res
1310 1588 1373 1651 et
1409 1587 1771 1673 supererat?
1839 1584 1964 1653 Gn.
2000 1586 2304 1651 Desinas:

343 1699 397 1738 20
593 1679 703 1747 Sic
762 1683 858 1747 est
914 1681 1263 1767 ingenium.
1374 1680 1504 1746 DA.
1568 1679 1707 1760 Oh,
1778 1683 1994 1768 regem
2055 1703 2159 1747 me
2219 1703 2357 1746 esse
2393 1686 2463 1742 70

423 1869 548 1938 Gn.
573 1842 926 1936 {beuntes
964 1870 1152 1935 ambo
1188 1777 1682 1937 hissliffiubteues
1715 1893 1818 1936 me
1855 1871 2004 1935 filiis

590 1965 976 2051 Relinquont
1010 1965 1192 2051 quasi
1235 1968 1630 2051 magistrum.
1714 1965 1843 2032 Di.
1883 1963 1946 2030 O
1986 1963 2172 2043 Geta,
2215 1986 2360 2050 pro—

1264 2061 1540 2126 uinciam

591 2152 834 2239 Cepisti
868 2153 1111 2219 duram.
1202 2152 1323 2219 Gr..
1359 2154 1462 2219 Mi
1495 2156 1650 2220 usus
1689 2153 1882 2231 uenit,
1920 2153 2039 2218 hec
2072 2153 2229 2218 scio:

586 2247 857 2314 Memini
892 2246 1164 2332 relinqui
1199 2250 1300 2313 me
1338 2246 1460 2313 deo
1494 2249 1652 2312 irate
1686 2270 1848 2313 meo.

341 2360 395 2402 25
590 2340 792 2428 Coepi
829 2342 1153 2406 aduorsari
1189 2343 1424 2427 primo:
1461 2340 1618 2426 quid
1650 2341 1861 2407 uerbis
1895 2341 2120 2425 opust?
2392 2351 2460 2405 75

593 2434 751 2502 Seni
783 2434 988 2501 fidelis
1024 2435 1174 2499 dum
1212 2458 1372 2512 sum,
1412 2435 1701 2520 scapulas
1736 2433 2000 2520 perdidi.

418 2529 551 2595 DA.
586 2531 837 2597 Venere
870 2528 938 2593 in
973 2538 1250 2593 mentem
1283 2529 1372 2592 mi
1404 2530 1630 2594 istaec:
1663 2550 1940 2612 namque
1973 2526 2296 2603 inscitiast,

590 2622 958 2688 Aduersum
993 2622 1317 2687 stimulum
1354 2622 1578 2688 calces.
1636 2620 1759 2687 Gn.
1789 2620 1991 2707 Coepi
2026 2620 2116 2687 eis
2149 2620 2358 2685 emnia

590 2717 861 2795 Facere,
921 2716 1185 2801 ebsequi
1247 2739 1413 2801 quae
1471 2717 1726 2783 uellent.
1829 2716 1959 2781 DA.
2015 2714 2205 2782 Scisti
2263 2717 2358 2779 uti

1264 2812 1424 2877 foro.

342 2926 395 2965 so
423 2904 547 2971 Gn.
582 2904 817 2971 Noster
850 2904 1002 2970 mali
1036 2905 1125 2970 nil
1159 2908 1501 2989 quicquam
1534 2905 1737 2991 primo
1746 2929 1766 2982 3
1801 2904 1907 2970 hic
1938 2902 2257 2970 Phaedria
2390 2918 2459 2972 80

593 2997 914 3065 Continuo
948 2998 1268 3083 quandam
1302 3003 1526 3066 nactus
1561 3010 1655 3066 est
1689 2999 2036 3085 puellulam

591 3091 1074 3170 Citharistriam,
1110 3093 1274 3159 hanc
1309 3097 1523 3161 amare
1559 3094 1765 3180 coepit
1799 3093 2064 3180 perdite.

589 3186 690 3253 Ea
724 3188 1040 3254 seruiebat
1072 3187 1284 3254 lenoni
1315 3189 1762 3274 inpurissumo‚

587 3280 813 3366 Neque
844 3282 1017 3368 qued
1044 3281 1300 3348 daretur
1317 3285 1686 3367 quicquam3
1712 3282 1781 3347 id
1806 3283 2100 3348 curarant
2124 3292 2353 3367 patres·

339 3396 393 3438 ⁸5
587 3376 893 3444 Restabat
928 3376 1103 3441 aliud
1136 3378 1224 3442 nil
1257 3377 1380 3441 nisi
1417 3378 1634 3443 oculos
1667 3380 1949 3463 pascere,
2389 3399 2458 3453 85

595 3470 861 3549 Sectari,
893 3471 962 3536 in
992 3470 1216 3538 ludum
1251 3470 1482 3538 ducere
1509 3483 1579 3539 et
1611 3471 1973 3538 redducere.

588 3565 724 3632 Nos
758 3565 940 3631 otiosi
976 3568 1235 3652 operam
1271 3565 1583 3631 dabamus
1617 3566 1991 3632 Phaedriae.

589 3659 670 3724 In
704 3680 832 3743 quo
867 3659 1024 3724 haec
1061 3659 1341 3726 discebat
1374 3660 1546 3737 ludo,
1582 3659 2005 3726 exaduorsum
2036 3658 2182 3724 ilico

591 3753 934 3819 Tonstrina
969 3764 1103 3820 erat
1137 3753 1480 3839 quaedam:
1517 3754 1621 3820 hic
1655 3754 2013 3821 solebamus
2047 3753 2182 3819 fere

340 3866 394 3908 ιο
591 3847 979 3934 Plerumque
1013 3871 1155 3914 eam
1189 3849 1482 3934 opperiri,
1519 3848 1673 3914 dum
1705 3848 1854 3914 inde
1886 3848 2006 3913 iret
2040 3847 2317 3912 domum.
2388 3862 2482 3916 90²

528 3930 846 4011 sfffferea
880 3942 1034 4007 dum
1069 3943 1361 4009 sedemus
1395 3943 1507 4020 illi,
1542 3942 1882 4010 interuenit
1967 3954 1975 3961 '

590 4036 989 4103 Adulescens
1025 4036 1283 4122 quidam
1316 4037 1697 4105 lacrumans.
1767 4058 1882 4102 nos
1915 4033 2197 4101 mirarier
2204 4059 2225 4115 ;
