2792 4617
383 269 515 342 vm
1293 283 1633 347 pamm-1210

383 411 512 464 sunt
535 439 601 450 -
632 404 778 463 inter
809 423 902 462 eos
939 406 1128 463 Herm.
1160 405 1449 465 Schindler
1482 409 1744 465 tabantur
1753 409 1818 463 1⁴.
1878 410 1951 464 ad
1990 409 2233 482 inopiam
2261 409 2549 465 redactum

382 475 633 543 (Observ.
669 477 787 532 crit.
824 495 878 559 p.
903 477 1127 547 29-38)
1150 495 1289 533 novo
1313 495 1445 549 quo·
1480 494 1541 533 re
1573 477 1832 533 familiari
1864 479 2061 534 misere
2092 480 2348 550 neglecta
2380 485 2549 548 atque

380 546 510 601 ¹dam
534 546 703 599 allato
725 545 929 600 ind1cio
953 577 1037 614 —,
1063 546 1159 601 alii
1183 547 1444 602 oblocuti.
1481 546 1957 618 indignabundum
2015 563 2140 601 eum
2187 565 2222 602 a
2267 548 2549 602 nobilibus

381 615 480 670 sed
499 632 623 669 cum
640 615 804 669 certis
821 615 1159 686 argumentis
1181 616 1271 671 vel
1293 616 1445 670 testi·
1483 615 1673 669 amicis
1712 615 1889 669 Roma
1934 615 2253 670 discessisse
2301 616 2549 670 eiusdem

382 683 579 737 moniis
610 683 883 738 sententia
914 700 1116 753 eorum,
1151 684 1246 754 qui
1276 684 1445 737 Adel·
1481 682 1645 738 Porci
1683 700 1873 738 versus
1911 684 2044 748 (vit.
2081 684 2233 753 Ter.)
2273 684 2544 739 indicant·

421 752 521 805 hos
552 752 891 807 comoediam
929 753 1040 806 iam
1080 757 1209 807 ante
1244 770 1449 807 annum
1483 752 1572 806 cui
1594 752 1683 806 vel
1705 750 1765 805 id
1787 767 2095 823 repugnare
2128 751 2364 821 videtur,
2398 723 2550 822 quod

415 820 483 873 94
507 821 677 875 semel
693 837 728 874 a
743 821 1007 875 Terentio
1025 826 1205 876 actam
1224 838 1342 875 esse
1362 838 1445 875 ar-
1484 820 1676 874 eodem
1694 836 1855 889 anne,
1874 820 2058 902 quoin
2078 819 2368 875 Graeciam
2389 821 2546 885 abiit,

380 888 732 958 bitrarentur,
756 889 997 943 nondum
1017 888 1335 944 confirmata
1357 890 1445 958 sit,
1483 888 1626 942 ludis
1688 886 2011 943 funebribus
2073 888 2278 943 Aemili
2341 889 2547 958 Paulli,

379 956 438 1009 in
452 956 657 1011 tradita
667 957 1003 1012 didascaliae
1014 958 1276 1013 memoria
1288 958 1447 1012 nobis
1520 971 1619 1011 uos
1652 954 1838 1026 Scipio
1871 974 1982 1011 una
2014 974 2138 1011 cum
2168 956 2341 1012 fratre
2373 957 2548 1027 dedit,

380 1025 839 1095 acquiescendum
864 1042 982 1080 esse
1010 1027 1147 1081 duco
1158 1029 1222 1080 1².
1262 1027 1447 1097 plures
1483 972 1620 1079 guas
1666 1025 1895 1080 Terenti
1948 1025 2167 1080 fabulas
2226 1031 2379 1080 actas
2425 1042 2548 1081 esse

378 1100 563 1148 autem
595 1110 761 1164 quam
795 1111 889 1149 sex
930 1094 1056 1148 illas
1089 1088 1318 1150 Terenti
1359 1111 1446 1148 co·
1483 1093 1697 1148 scimus.
1767 1083 1881 1148 iam
1910 1092 2029 1148 inse
2067 1094 2222 1148 uenti
2255 1110 2395 1149 anno
2423 1094 2548 1160 (595

378 1162 624 1218 moedias
663 1179 842 1234 neque
884 1163 1181 1233 antiquitas
1220 1169 1448 1218 noverat
1480 1179 1533 1216 u.
1562 1165 1631 1230 c.)
1643 1162 1690 1202 1⁵
1712 1160 1942 1215 Romam
1960 1178 2020 1215 re
2082 1178 2179 1216 ens
2196 1168 2437 1217 mortuus
2461 1167 2549 1216 est

376 1246 557 1301 neque
589 1231 729 1301 ipse,
770 1231 1034 1300 quamdiu
1066 1230 1275 1286 Romae
1308 1238 1444 1299 erat,
1482 1231 1570 1284 vel
1590 1230 1882 1302 naufragio
1905 1247 2077 1312 prope
2100 1231 2439 1285 Leucadiam
2460 1230 2546 1285 in-

375 1300 435 1354 in
469 1316 725 1353 scaenam
750 1300 919 1355 dedit.
970 1306 1227 1369 quattuor
1260 1317 1446 1355 earum
1482 1298 1655 1352 sulam
1686 1298 1837 1353 facto
1867 1299 1951 1354 vel
1996 1316 2053 1353 m
2086 1299 2330 1353 Arcadia
2362 1298 2399 1354 S
2524 1330 2547 1341 —

378 1383 414 1422 a
431 1366 734 1423 Menandro
752 1369 1046 1422 translatas
1067 1385 1187 1423 esse
1205 1373 1444 1437 constat3
1482 1367 1634 1436 phali
1658 1367 1887 1438 oppid03
1911 1367 1992 1421 ibi
2009 1366 2153 1421 enim
2169 1368 2359 1422 nuntio
2376 1384 2410 1421 a
2452 1373 2548 1422 ato

376 1436 620 1506 reliquas
662 1437 816 1505 duas,
859 1436 1137 1507 Hecyram
1180 1441 1237 1491 et
1270 1437 1445 1491 Phor·
1483 1434 1723 1489 sarcinas
1737 1475 1751 1504 ‚
1799 1451 1936 1504 quas
1980 1436 2109 1489 navi
2155 1436 2547 1506 praemisisset,

375 1504 640 1573 mionem,
696 1505 768 1559 ab
808 1504 1146 1575 Apollodoro
1194 1504 1445 1575 Carystio
1481 1504 1538 1556 in
1593 1503 1732 1557 mari
1784 1503 2083 1572 interiisse,
2149 1506 2305 1578 gravi
2354 1505 2548 1559 morbo

378 1573 659 1629 convertit.
727 1589 913 1627 omnes
947 1572 1171 1642 Hecyra
1213 1580 1445 1642 excepta
1482 1571 1714 1625 affectus
1763 1587 1793 1625 e
1833 1572 1950 1625 vita
1984 1572 2286 1628 decessisse
2322 1572 2542 1627 dicitur.

375 1643 579 1713 populo
604 1642 694 1695 vel
718 1641 891 1711 prima
919 1642 1134 1695 actione
1161 1641 1294 1695 satis
1328 1642 1442 1711 pla·
1481 1639 1703 1693 fabulae
1737 1655 1868 1693 sane
1902 1649 2040 1710 quas
2079 1656 2248 1695 novas
2280 1657 2311 1695 e
2343 1658 2550 1723 graeca

350 1733 351 1736 ¹
379 1716 632 1778 cuerunt3
671 1710 803 1779 quin
834 1709 999 1764 etiam
1032 1709 1328 1764 Eunuchus
1363 1709 1443 1763 fa·
1481 1707 1670 1788 lingua
1704 1713 2070 1774 converterat,
2111 1708 2401 1779 naufraglo
2433 1727 2551 1765 una

376 1778 511 1834 bula
549 1784 704 1831 tanto
746 1794 1002 1832 successu
1049 1779 1181 1832 data
1227 1784 1337 1845 est,
1384 1784 1446 1831 ut
1521 1782 1762 1830 emerunt
1773 1778 1835 1830 1⁶.
1895 1808 1962 1818 -
2019 1777 2227 1831 Romae
2296 1778 2550 1849 ‘reliquit

378 1847 587 1901 aediles
636 1847 843 1900 eisdem
889 1847 1033 1901 ludis
1082 1862 1202 1900 eam
1246 1846 1446 1900 iterum
1521 1843 1669 1913 liam,
1726 1860 1867 1915 quae
1921 1850 2047 1915 post
2102 1846 2274 1914 equiti
2321 1862 2550 1902 romano

377 1916 574 1970 darent
615 1922 672 1968 et
710 1920 910 1986 poetae
952 1920 1075 1968 octo
1107 1915 1260 1967 milia
1290 1932 1443 1967 num·
1480 1911 1691 1982 nupsit3
1724 1913 1858 1966 item
1891 1914 2132 1967 hortulos
2163 1913 2360 1985 viginti
2389 1915 2445 1968 iu
2491 1931 2548 1970 e-

373 2002 522 2038 mum
537 1985 747 2049 darent,
759 1989 1022 2053 quantum
1039 1983 1277 2052 pretium
1294 1983 1446 2036 nulla
1480 1998 1599 2033 rum
1642 1981 1734 2034 via
1778 1981 1967 2051 Appia
2023 1982 2095 2035 ad
2140 1982 2359 2035 Martis'
2407 1987 2424 2047 (
2482 1985 2547 2038 it.

375 2059 541 2107 antea
574 2053 892 2121 cuiusquam
918 2051 1203 2105 comoedia
1234 2067 1443 2105 merue-
1481 2048 1647 2113 Ter.).
1704 2049 1850 2103 unde
1891 2067 2119 2131 parvam
2158 2051 2403 2120 quidem,
2445 2053 2549 2107 sed

374 2127 463 2174 rat
486 2120 620 2187 (Vit.
648 2120 817 2187 Ten).
874 2119 1101 2190 Hecyra
1122 2135 1270 2187 ver0,
1295 2124 1443 2189 post·
1481 2133 1587 2170 non
1605 2117 1811 2170 nullam
1830 2115 2000 2172 fuisse
2019 2118 2073 2173 ei
2088 2135 2204 2173 rem
2216 2119 2550 2175 familiarem

377 2206 541 2259 quam
584 2187 670 2242 bis
712 2188 916 2241 frustra
955 2187 1013 2240 in
1054 2203 1308 2241 scaenam
1351 2188 1442 2241 de·
1481 2186 1867 2255 pernoscimus.

374 2257 490 2310 lata
515 2262 614 2325 est,
647 2256 812 2311 tertio
843 2255 1068 2310 tandem
1091 2257 1297 2327 populo
1319 2272 1442 2327 pro·
1547 2253 1776 2308 Terenti
1816 2254 2035 2308 fabulas
2077 2260 2242 2325 poeta
2281 2256 2404 2311 vivo
2433 2272 2550 2312 non

376 2325 554 2380 batur.
1481 2322 1658 2377 minus
1690 2322 1879 2376 amicis
1913 2323 2028 2377 eius
2068 2323 2344 2378 nobilibus
2376 2330 2549 2395 atque

445 2395 607 2446 Anno
639 2393 766 2460 594,
808 2393 974 2463 paulo
1008 2397 1134 2462 post
1164 2399 1444 2462 peractam
1481 2397 1594 2444 toto
1647 2391 1852 2461 populo
1906 2392 2165 2461 probatas
2222 2398 2277 2445 et
2339 2411 2551 2463 magna

376 2462 683 2532 Hecyram,
728 2467 791 2515 ut
831 2461 1088 2515 arbitrari
1130 2461 1337 2529 licet1³‚
1383 2461 1443 2515 in
1480 2459 1642 2513 laude
1661 2459 1852 2524 elatas,
1877 2476 2042 2540 quam
2062 2478 2096 2514 a
2113 2462 2303 2530 paucis
2320 2462 2548 2532 quibus-

376 2529 668 2585 Graeciam
703 2530 982 2599 profectus
1025 2535 1124 2599 est,
1166 2537 1229 2583 ut
1266 2547 1443 2585 mores
1481 2528 1607 2581 dam
1630 2528 1977 2597 adversariis,
2003 2545 2139 2598 quos
2164 2545 2195 2582 e
2218 2547 2440 2584 numero
2459 2531 2546 2584 in-

373 2599 736 2668 institutaque
763 2597 1117 2667 Graecorum,
1151 2597 1210 2651 in
1244 2598 1443 2680 quibus
1480 2594 1727 2649 vidoram
1775 2602 2061 2666 poetarum
2100 2597 2189 2651 vel
2229 2614 2414 2652 eorum
2454 2616 2545 2653 as—

377 2667 743 2736 exprimendis
786 2672 904 2720 tota
971 2667 1094 2719 uasi
1137 2673 1444 2720 continetur
1480 2664 1654 2718 seclae
1694 2663 1864 2718 fuisse
1908 2665 2066 2720 nobis
2139 2666 2400 2720 utandum
2438 2673 2546 2738 est,

374 2752 515 2789 nova
539 2733 839 2802 comoedia,
871 2752 957 2787 me
982 2735 1065 2787 ius
1089 2750 1153 2787 co
1233 2741 1443 2788 osceret
1478 2733 1710 2785 maxime
1768 2738 1950 2786 autem
2007 2750 2042 2787 a
2149 2735 2300 2789 uscio
2357 2736 2546 2790 Lanu-

374 2803 810 2886 perciperetque.
861 2818 896 2855 a
917 2802 1149 2866 Porcio(
1206 2802 1268 2855 it.
1290 2803 1443 2868 Ter.)
1478 2801 1629 2869 vin0‚
1678 2800 1774 2868 qui
1819 2801 1939 2870 ipse
1985 2809 2150 2883 poeta
2187 2803 2544 2873 palliatarum

371 2890 430 2926 1n
484 2878 687 2924 terram
741 2870 990 2924 ultimam
1049 2867 1320 2924 Graeciae
1381 2887 1441 2923 se
1479 2873 1597 2921 erat
1600 2909 1622 2949 ,
1664 2867 1908 2939 graviter
1948 2876 2284 2940 vituperatas
2327 2878 2383 2926 et
2415 2887 2546 2927 con—

374 2940 668 2995 contulisse
704 2941 964 3007 refertur3
999 2945 1056 2992 et
1087 2955 1209 2992 cum
1243 2939 1439 2995 Volca·
1477 2935 1644 2990 timus
1669 2936 2155 2993 obtrectationibus
2180 2945 2402 2994 vexatas
2421 2957 2547 2997 esse

374 3010 489 3063 cius
507 3021 616 3078 (ap.
646 3007 818 3074 Suet.)
845 3024 966 3061 eum
987 3007 1162 3060 Roma
1183 3008 1242 3061 in
1262 3011 1437 3061 Asiam
1476 3005 1585 3057 iam
1606 3021 1773 3075 supra
1791 3004 2029 3060 breviter
2045 3007 2418 3063 indicavimus.
2452 3011 2551 3066 vel

371 3078 477 3130 iter
512 3077 708 3130 fecisse
743 3075 907 3142 dicat,
941 3092 1049 3129 non
1084 3081 1167 3129 est
1187 3076 1302 3129 veri
1331 3076 1439 3129 dis·
1478 3073 1873 3127 contaminatas
1891 3091 1985 3128 eas
2006 3092 2143 3144 esse,
2165 3077 2204 3129 i.
2226 3093 2272 3130 e.
2295 3077 2548 3148 singulas

374 3145 548 3199 simile
621 3144 756 3199 rimo
791 3161 915 3197 eum
949 3144 1190 3213 aliquam
1215 3160 1439 3215 graeca·
1476 3141 1674 3196 latinas
1699 3160 1764 3195 ex
1789 3143 2164 3213 compluribus,
2177 3146 2391 3215 graecis
2416 3163 2547 3201 con·—

372 3231 493 3267 rum
524 3230 589 3266 ur
627 3214 741 3266 ium
765 3212 935 3266 Asiae
963 3212 1186 3266 minoris
1210 3212 1438 3277 adiisse3
1476 3215 1625 3264 sutas
1649 3211 2035 3280 miscendoque
2061 3215 2416 3295 corruptas1⁷‚
2450 3216 2549 3270 vel

370 3283 478 3336 hae
505 3281 650 3335 enim
674 3290 802 3352 apte
822 3287 879 3334 et
902 3279 987 3333 ‘in
1006 3279 1276 3335 Graeciae
1293 3287 1441 3335 terra
1475 3296 1584 3332 non
1623 3279 1734 3331 iam
1782 3296 1976 3349 novas,
2024 3283 2123 3336 sed
2163 3282 2384 3336 abunde
2425 3300 2546 3338 sur-

370 3349 587 3404 ultima’
623 3355 680 3404 et
711 3350 795 3403 ‘in
817 3348 981 3404 Asia’
1018 3348 1156 3403 sitae
1188 3365 1306 3403 esse
1339 3367 1437 3419 pu-

1474 3404 1713 3453 Adelphon
1732 3406 1882 3444 autem
1908 3402 2144 3452 prologum
2161 3403 2220 3444 ad
2244 3405 2440 3454 priorem
2459 3407 2548 3448 ali-

423 3511 472 3549 12
518 3507 709 3548 Omnem
761 3505 1106 3546 didascallarum
1149 3506 1440 3546 Terentiana·
1477 3455 2113 3547 quamglcgggffgnsffinrgrggfss.
2130 3517 2313 3555 graecas
2340 3507 2548 3549 colonias

373 3572 469 3601 rum
491 3560 724 3604 rationem,
754 3570 808 3598 ex
837 3558 997 3608 quibus
1024 3557 1220 3598 maxime
1240 3559 1438 3607 cognitio
1476 3558 1609 3597 Asiae
1637 3557 1825 3597 minoris
1852 3558 2036 3596 attribui
2064 3567 2121 3597 ex
2146 3560 2257 3607 Nep.
2286 3558 2399 3598 unt.
2425 3560 2493 3599 111
2516 3562 2549 3602 8

372 3615 529 3652 nostra
553 3610 719 3660 pendet
743 3611 1017 3659 temporum,
1048 3609 1208 3659 quibus
1237 3609 1439 3659 singulae
1476 3611 1672 3658 apparet.
1701 3608 1817 3647 hanc
1836 3607 2253 3657 interpretationem
2271 3610 2311 3649 ei
2330 3611 2546 3664 accipias,

372 3660 552 3702 fabulae
587 3664 714 3703 actae
741 3663 787 3700 et
812 3662 1090 3710 conscriptae
1128 3662 1237 3709 sint,
1276 3661 1326 3700 in
1353 3662 1438 3700 Rh.
1475 3671 1568 3698 non
1603 3670 1711 3708 opus
1754 3659 1813 3698 eit
1853 3670 1953 3698 cum
1987 3660 2110 3699 Frid.
2147 3662 2302 3701 Leone
2339 3660 2543 3711 (Quaest.

372 3716 486 3755 Mus.
531 3714 612 3753 XX
666 3713 870 3753 570—598
923 3715 967 3751 et
1012 3712 1117 3751 XXI
1169 3713 1321 3752 64—92
1366 3723 1439 3751 ex·
1476 3712 1698 3759 Aristoph.
1751 3711 1864 3749 thes.
1908 3709 1967 3758 X)
2021 3711 2138 3760 apud
2178 3713 2440 3754 Volcacium
2491 3715 2548 3753 in

371 3766 516 3815 posui.
1476 3761 1674 3800 Achaiam
1691 3772 1771 3811 pro
1790 3763 1838 3800 in
1858 3760 2001 3800 Asiam
2018 3763 2231 3804 scribere.

426 3818 474 3856 13
517 3815 633 3856 Sunt
667 3815 744 3863 qul
780 3825 879 3853 cum
916 3815 972 3853 H.
1010 3812 1276 3852 Schindlero
1309 3810 1359 3861 (l.
1398 3825 1436 3854 c.
1523 3814 1573 3853 15
1591 3813 2544 3866 Errore‚utvidetur,Hieronymusffluseb.

371 3879 415 3917 p.
435 3871 480 3906 51
504 3865 588 3916 sq.)
616 3867 773 3915 putent
799 3868 973 3914 poetam
1000 3865 1132 3903 initio
1161 3874 1201 3903 a.
1230 3865 1308 3904 594
1332 3869 1437 3904 ante
1473 3864 1766 3904 chron-1112?
1776 3864 1845 3902 ed.
1859 3863 2081 3914 Schoene)
2091 3871 2280 3905 mortem
2302 3867 2359 3906 ad
2371 3867 2540 3918 olymp.

372 3919 614 3959 secundam
652 3918 854 3966 Hecyrae
891 3915 1114 3955 actionem
1144 3917 1333 3955 Romam
1370 3927 1436 3955 re·
1474 3915 1588 3957 CLV
1608 3918 1632 3955 3
1652 3916 1746 3957 (596
1763 3926 1808 3954 ιι.
1829 3915 1886 3966 c.)
1907 3917 2056 3956 refert.

372 3971 577 4019 quulssez
614 3972 850 4017 utrumque
877 3967 1110 4017 prologum
1138 3967 1233 4007 eius
1262 3977 1436 4006 comoe-
1523 3967 1572 4006 16
1597 3968 1667 4006 De
1703 3976 1891 4006 numero
1928 3977 2081 4008 earum
2117 3979 2160 4007 v.
2198 3969 2317 4008 infra
2344 3969 2449 4009 adn.
2480 3970 2540 4010 ad

373 4022 476 4061 diae
502 4032 594 4060 non
623 4031 651 4060 a
675 4021 910 4067 Terentio,
949 4019 1066 4068 quod
1105 4017 1160 4056 de
1188 4019 1436 4066 posteriore
1471 4019 1561 4060 vit.
1581 4018 1685 4057 Ter.

370 4072 554 4122 prologo
583 4072 673 4112 iam
700 4072 901 4119 Guyetus
928 4069 1174 4118 suspicatus
1202 4072 1318 4118 erat,
1357 4069 1435 4108 sed
1524 4070 1571 4109 1⁹1
1598 4070 1669 4109 De
1698 4069 2034 4109 contaminandi
2059 4070 2186 4110 verbi
2214 4071 2401 4111 notione
2419 4073 2541 4113 inter

372 4124 429 4164 ab
449 4124 673 4174 Anbivio,
702 4122 884 4161 domino
902 4120 1062 4171 gregis,
1090 4119 1303 4169 scriptum
1323 4130 1436 4171 esse,
1472 4120 1562 4160 alia
1579 4121 1734 4162 videas
1742 4131 1856 4171 quae
1872 4121 1941 4162 ed.
1954 4121 2212 4162 Teubmss'l
2223 4133 2288 4172 eq.
2307 4122 2536 4165 adnotavi.
