2792 4617
2135 14 2773 187 ''¹-

513 276 636 344 108
1270 290 1679 350 Evnvcnvs
2254 293 2302 362 1,
2324 292 2375 347 2.
2412 293 2489 363 11,
2512 292 2552 347 1

507 413 631 479 PH.
674 413 815 480 Rus
852 413 990 478 ibo:
1024 414 1115 481 ibi
1151 413 1273 481 hoc
1303 437 1411 482 me
1443 414 1780 481 mecerabo
1816 414 2095 479 biduom.

681 507 811 594 [Ita
842 508 1052 575 facere
1086 519 1414 577 certumst:
1450 531 1588 574 mos
1623 509 1972 595 gerundust
2004 505 2289 594 ThaidiL]

676 602 800 679 Tu,
815 601 1153 683 Permeno,
1172 604 1299 672 huc
1315 603 1420 669 fac
1435 603 1528 669 illi
1543 603 1958 669 adducantur.
1977 603 2097 668 ΡΑ.
2110 602 2442 667 Mexume.

373 710 477 764 190
507 695 629 760 PH.
672 695 753 761 In
777 695 899 762 hoc
926 697 1204 777 biduom,
1231 721 1364 763 mea
1380 697 1599 775 Thais,
1628 698 1792 764 uale.
1837 696 1959 763 Tu.
1983 697 2087 761 Mi
2101 695 2443 771 Phaedria,
2469 713 2560 756 110

678 788 768 856 Et
816 791 907 857 tu.
985 814 1142 858 num
1193 790 1348 876 quid
1395 792 1496 857 uis
1548 791 1761 857 aliud?
1843 791 1965 856 Pu.
2018 790 2245 878 Egone
2288 790 2446 874 quid

1352 885 1585 952 uelim?

677 975 847 1045 Cum
880 978 1079 1045 milite
1112 979 1235 1046 isto
1270 983 1570 1066 praesens
1606 979 1835 1045 absens
1871 979 1940 1043 ut
1976 977 2131 1058 sies3

674 1072 835 1138 Dies
870 1074 1201 1158 noctisque
1234 1076 1338 1139 me
1374 1096 1568 1151 ames,
1604 1096 1705 1138 me
1740 1072 2077 1150 desideres,

672 1167 789 1233 Me
824 1168 1119 1246 sdmxfies,
1153 1191 1256 1234 me
1293 1169 1609 1254 expectes,
1646 1168 1726 1232 de
1761 1190 1863 1232 me
1899 1167 2157 1252 negites,

373 1276 473 1328 15¹5
673 1260 789 1327 Me
825 1265 1060 1348 speres,
1095 1285 1199 1328 me
1234 1272 1298 1327 te
1332 1262 1632 1340 oblectes,
1666 1283 1918 1327 mecum
1953 1263 2087 1326 teta
2122 1257 2234 1325 sis:
2467 1274 2559 1317 115

671 1353 864 1421 Meus
900 1355 1004 1422 fec
1038 1355 1124 1421 sis
1160 1367 1480 1443 postremo
1515 1355 1786 1435 animus,
1831 1355 2089 1440 quando
2133 1373 2253 1440 ego
2300 1353 2442 1416 sl'un

1349 1460 1513 1516 tuos.
1548 1487 1634 1499 —

505 1544 625 1608 ΤΠ,
669 1542 784 1609 Me
842 1545 1167 1622 miseram,
1235 1543 1502 1610 forsitan
1565 1544 1659 1627 ⁴mi
1718 1542 1825 1611 hic
1881 1565 2146 1630 paruam
2206 1540 2441 1606 habeat

1349 1639 1542 1705 fidem

672 1733 890 1816 Atque
925 1733 1007 1797 ex
1043 1733 1308 1798 aliarum
1343 1732 1613 1820 ingeniis
1648 1754 1818 1799 nunc
1850 1755 1954 1799 me
1986 1732 2242 1797 iudicet.

673 1826 818 1912 Ego
853 1826 978 1913 pel,
1014 1849 1178 1912 quae
1211 1827 1367 1893 mihi
1404 1851 1545 1893 sum
1580 1827 1856 1906 ceneda,
1888 1826 2010 1893 hoc
2046 1829 2214 1892 certe
2252 1824 2405 1903 scic,

369 1924 469 1976 *L'UU
672 1920 900 2004 Neque
934 1922 1035 1986 me
1071 1922 1326 1988 finxisse
1361 1923 1506 1988 falsi
1541 1922 1880 2007 quicquam
1913 1924 2121 2005 neque
2156 1942 2299 1985 meo
2471 1938 2557 1977 12⁰

675 2011 872 2079 Cordi
907 2017 1047 2081 esse
1081 2038 1467 2101 quemquam
1501 2017 1805 2083 cei-iorem
1842 2016 1962 2081 hoc
1994 2014 2331 2080 Phaedria.

673 2107 759 2172 Et
795 2108 1104 2193 quidquid
1138 2109 1327 2176 huius
1363 2110 1508 2188 feci,
1545 2133 1740 2177 causa
1773 2110 2039 2197 uirginis

669 2202 828 2267 Feci
836 2226 855 2280 3
890 2225 1041 2267 nam
1075 2226 1178 2270 me
1213 2204 1347 2270 eius
1383 2207 1567 2292 spero
1602 2205 1863 2270 fratrem
1897 2202 2352 2290 prepemodum

671 2296 813 2360 Iam
847 2297 1218 2383 repperisse,
1254 2297 1725 2365 adulescentem
1760 2298 1919 2364 adeo
1953 2297 2228 2362 nebilem
2238 2321 2257 2374 3

369 2400 469 2452 Ὲῌῡ
672 2388 760 2454 Et
792 2391 846 2455 is
882 2389 1069 2456 hedie
1105 2402 1443 2458 uenturum
1478 2393 1565 2457 ed
1595 2416 1699 2459 me
1734 2392 2057 2458 constituit
2089 2391 2367 2455 domum.
2471 2409 2556 2450 125

673 2481 1039 2550 Concedam
1105 2485 1253 2552 hinc
1326 2487 1492 2552 intro
1570 2497 1761 2571 atque
1836 2485 2214 2572 expectabo,
2283 2484 2442 2549 dum

1346 2579 1543 2646 uenit.

1194 3202 1571 3286 AOTVS
1615 3206 1727 3287 Π.

971 3371 1419 3438 ΡΗΑΕΒΒῙΑ
1544 3374 1952 3441 PAnmnno

999 3489 1386 3534 Anvnnscnns
1642 3491 1867 3535 smwos

509 3608 621 3672 Ρη.
669 3608 827 3686 Fac,
870 3608 959 3673 ita
1000 3621 1072 3676 ut
1109 3610 1287 3689 iussi,
1332 3611 1727 3678 deducantur
1767 3613 1888 3678 isti.
1974 3613 2095 3678 ΡΑ.
2147 3612 2554 3685 Faciam.11,1

1342 3705 1464 3770 Pu.
1510 3708 1605 3771 At
1640 3707 1988 3792 diligenter.

505 3796 617 3856 ΡΛ.
669 3795 829 3860 Fiet.
891 3796 1014 3860 Pu.
1060 3797 1154 3862 At
1177 3799 1440 3865 mature.
1502 3799 1622 3864 ΡΑ.
1668 3801 1831 3866 Fiet.
1892 3801 2013 3865 ΡΗ.
2063 3799 2285 3866 Satine
2313 3802 2440 3868 hoc

1346 3894 1775 3959 mandatumst
1810 3894 1962 3959 tibi?
2045 3894 2167 3960 ΡΑ.
2230 3894 2366 3974 Ah,

669 3982 988 4068 Rogitere,
1025 3986 1205 4067 quasi
1242 3986 1497 4051 difficile
1534 3986 1640 4050 sit!

365 4084 465 4136 ΞΜ]
669 4057 926 4143 Vtinam
945 4089 1073 4143 tam
1093 4079 1328 4163 aliquid
1346 4080 1631 4147 inuenire
1649 4080 1835 4148 facile
1853 4082 2078 4170 possis,
2091 4083 2437 4162 Phaedria,
