2792 4617
520 290 647 357 114
1282 304 1691 364 EVchHvs
2413 311 2489 380 11,
2513 311 2553 365 2

680 427 849 495 Tam
873 430 992 494 etsi
1006 429 1235 495 bonast
1250 431 1498 508 natura,
1516 430 1787 496 reddunt
1804 429 2098 495 curatura
2122 429 2441 497 iunceamz
2470 449 2527 490 2⁵

685 522 914 608 Itaque
946 525 1101 610 ergo
1135 535 1447 590 amantur.
1518 523 1638 590 ΡΑ.
1678 523 1852 605 Quid
1887 535 1996 589 tua
2030 525 2262 590 istaec?
2322 524 2445 591 Cn.

1358 617 1547 683 Noua
1580 618 1788 704 figura
1819 621 1965 683 oris.
2034 616 2157 684 ΡΑ.
2202 619 2443 705 Papae.

518 707 637 776 Cn.
685 708 881 777 Color
911 713 1123 790 uerus,
1160 733 1388 798 corpus
1416 711 1686 777 solidum
1723 722 1784 777 et
1818 712 1953 777 suci
1986 713 2265 798 plenum.
2324 713 2443 778 ΡΑ.

1362 805 1572 871 Anni?
1634 803 1751 873 Cn.
1790 807 2003 871 Anni?
2039 807 2333 873 sedecim.

517 900 633 960 1¹12.
681 897 830 963 Flos
863 900 1021 986 ipse.
1084 896 1204 965 Cn.
1242 900 1428 965 Nunc
1460 899 1625 965 hanc
1650 901 1721 964 tu
1748 898 1902 964 mihi
1928 901 2033 965 uel
2059 901 2127 966 ui
2151 901 2256 967 uel
2283 903 2446 967 clam

1355 995 1462 1060 uel
1496 994 1781 1080 precario

381 1100 481 1152 32⁴2]
681 1088 816 1152 Fac
850 1088 1090 1153 tradas:
1126 1109 1270 1153 mea
1302 1089 1394 1152 nil
1428 1088 1497 1153 re
1532 1087 1674 1165 fert,
1710 1088 1864 1152 dum
1898 1088 2104 1174 potiar
2137 1089 2345 1154 modo.

517 1184 633 1244 1³³.
681 1179 890 1263 Quid?
915 1184 1099 1268 uirgo
1125 1181 1411 1267 quoiast?
1473 1178 1592 1247 Cn.
1621 1182 1853 1247 Nescio
1879 1181 2107 1248 hercle.
2169 1183 2287 1247 ΡΑ.
2308 1183 2447 1249 Vn·
2472 1201 2528 1241 so

1357 1276 1534 1341 dest?
1580 1274 1701 1340 Cn.
1721 1275 2145 1342 Tantundem.
2181 1276 2301 1341 ΡΑ.
2316 1276 2448 1344 Vbi

1360 1368 1645 1434 habitat?
1728 1406 1731 1409 ,

521 1464 637 1528 [εΗ.
685 1463 784 1530 Ne
833 1462 902 1528 is
950 1462 1229 1547 quidem.
1315 1462 1435 1527 ΡΑ.
1483 1462 1616 1530 vbi
1667 1463 1920 1529 uidisti?
2007 1463 2128 1530 cn.
2188 1444 2267 1528 in
2319 1463 2444 1529 uia.

1357 1556 1480 1621 ΡΑ.
1535 1555 1686 1639 Qua
1718 1557 1959 1623 ratione
1995 1557 2295 1622 amisisti?

521 1652 641 1716 Cn,
685 1650 762 1727 Id
794 1649 1092 1734 equidem
1126 1649 1471 1715 adueniens
1495 1652 1747 1716 mecum
1772 1650 2211 1716 stomachabar
2233 1650 2444 1729 modo,

689 1743 824 1810 Nec
857 1746 1241 1828 quemquam
1278 1766 1402 1831 ego
1438 1766 1576 1810 esse
1611 1743 1929 1810 hominem
1964 1744 2253 1824 arbitror,
2297 1745 2449 1830 quoi

1358 1838 1562 1924 magis
1597 1837 1803 1904 bonae

385 1940 485 1992 32²5
689 1930 1047 1997 Felicitates
1084 1933 1301 1996 omnes
1337 1933 1646 1997 aduorsae
1682 1932 1863 1998 sient.

689 2023 863 2106 Quid
898 2023 1020 2091 hoc
1055 2037 1150 2092 est
1183 2025 1463 2092 sceleris!
1500 2026 1676 2111 perii.
1738 2026 1855 2091 ΡΑ.
1904 2025 2081 2108 Quid
2114 2025 2449 2092 factumst?
2472 2047 2525 2086 ss

1362 2118 1483 2184 Cn.
1527 2119 1781 2206 Rogas?

685 2212 896 2278 Patris
931 2223 1272 2299 cognatum
1307 2223 1499 2296 atque
1535 2214 1865 2298 aequalem
1897 2211 2413 2279 Archidemidem

685 2306 748 2372 N
748 2307 1019 2373 ouistin?
1059 2307 1180 2372 ΡΑ.
1212 2305 1389 2389 Quid
1415 2307 1519 2372 ni?
1563 2305 1685 2372 Cn.
1711 2307 1800 2386 Is,
1825 2306 1981 2372 dum
2007 2307 2170 2372 hanc
2197 2328 2446 2392 sequor,

1359 2401 1433 2465 fit
1464 2400 1551 2465 mi
1586 2399 1863 2466 obuiam.

517 2496 637 2560 ΡΑ.
681 2494 1085 2561 Incommode
1104 2494 1332 2560 hercle.
1359 2491 1482 2560 CH.
1500 2495 1707 2559 Immo
1727 2494 1895 2559 enim
1913 2515 2062 2559 uero
2082 2493 2417 2562 infeliciter
2424 2519 2446 2576 3

381 2604 485 2656 331]
689 2590 856 2654 Nam
889 2588 1289 2655 incommoda
1322 2589 1447 2654 alia
1481 2589 1628 2654 sunt
1660 2587 1948 2665 dicenda,
1983 2587 2320 2655 Parmeno.

686 2683 876 2749 Illum
909 2683 1104 2767 liquet
1138 2682 1295 2747 mihi
1329 2682 1610 2748 deierare
1643 2681 1742 2748 his
1777 2682 2099 2748 mensibus
2469 2701 2527 2744 ιο

689 2776 818 2843 Sex
854 2778 1095 2863 septem
1129 2799 1420 2862 prorsum
1454 2778 1584 2841 non
1619 2776 1853 2843 uidisse
1887 2774 2233 2863 proxumis,

685 2870 826 2938 Nisi
848 2872 1038 2950 nunc,
1066 2893 1258 2956 quom
1287 2871 1570 2938 minume
1594 2871 1825 2936 uellem
1851 2871 2257 2955 minumeque
2284 2873 2446 2958 opus

1358 2964 1497 3032 fuit.

689 3058 850 3137 Eho,
886 3060 1096 3124 nonne
1130 3057 1252 3125 hoc
1285 3058 1548 3123 monstri
1582 3057 1880 3124 similest?
1922 3057 2077 3143 quid
2110 3059 2245 3125 ais?
2325 3059 2445 3125 Pl.

1361 3153 1690 3218 Maxume.

385 3256 485 3308 335
521 3248 641 3312 Cn*
689 3244 1006 3312 Continuo
1041 3245 1318 3312 adcurrit
1351 3245 1435 3310 ad
1468 3268 1590 3324 me,
1625 3267 1816 3330 quam
1850 3245 2041 3334 longe
2075 3245 2361 3330 quidem,

689 3341 1011 3417 Iussu-uos,
1048 3341 1374 3418 tremulus,
1412 3339 1595 3405 labiis
1636 3340 1944 3417 demissis,
1980 3363 2272 3425 gemens:
2468 3356 2521 3399 45

689 3437 898 3500 ‘Heus
932 3434 1110 3511 heus,
1144 3434 1260 3498 tibi
1296 3434 1457 3511 dico,
1496 3431 1811 3500 Chaerea’
1847 3434 2071 3518 inquit.
2140 3434 2358 3499 restiti.

689 3528 876 3594 ‘Scin
900 3528 1052 3612 quid
1079 3550 1199 3615 ego
1228 3539 1291 3593 te
1317 3528 1677 3593 uolebam?
1717 3528 1927 3594 “dic.”
1969 3534 2136 3593 ‘cras
2171 3529 2266 3593 est
2291 3527 2448 3593 mihi

689 3623 1038 3688 Iudicium.’
1077 3621 1284 3706 “quid
1318 3622 1537 3686 tum?'’
1576 3628 1675 3687 ‘ut
1712 3623 2046 3709 diligenter
2079 3622 2328 3687 nunties

385 3736 483 3788 :121ss
685 3715 883 3794 Patri,
917 3715 1265 3781 aduocatus
1300 3718 1487 3780 mane
1522 3715 1609 3779 mi
1645 3737 1781 3781 esse
1817 3727 1889 3780 ut
1924 3715 2314 3781 meminerit?

685 3811 862 3874 Dum
895 3808 1053 3875 haec
1089 3808 1260 3886 dicit,
1295 3810 1450 3874 abiit
1485 3809 1659 3874 hora.
1704 3831 1861 3894 rogo
1895 3833 2047 3874 num
2083 3809 2235 3893 quid
2269 3808 2441 3875 uelit.
2468 3827 2520 3869 ω

689 3903 938 3969 ‘Recte’
974 3903 1199 3988 inquit.
1267 3903 1448 3968 abeo.
1513 3924 1706 3987 quom
1740 3903 1866 3969 huc
1900 3903 2166 3989 respicio
2201 3903 2282 3968 ad
2316 3905 2445 3968 uir-

1355 4020 1591 4083 gmem,

685 4092 802 4156 Illa
837 4092 973 4157 sese
1012 4090 1251 4157 interea
1287 4091 1691 4157 commodum
1724 4089 1849 4156 huc
1885 4091 2245 4157 aduorterat
