2792 4617
560 303 684 369 194
1349 312 1700 370 Pflommo
2452 313 2525 383 v,
2554 314 2593 368 9
2695 256 2730 277 ἦ.

586 441 706 505 Pa.
751 441 894 526 Ego
929 440 1131 506 minas
1157 438 1425 525 'triginta
1458 459 1572 522 per
1597 436 1914 503 fallaciam
1938 437 2021 503 ab
2046 436 2193 503 ffloo
2219 435 2480 501 abstuli:

756 534 888 599 Eas
941 535 1088 600 dedi
1137 545 1246 599 tuo
1298 534 1522 619 gnato·
1575 532 1629 595 is
1681 554 1795 618 pro
1849 554 1964 597 sua
2016 533 2217 596 amica
2268 530 2482 596 lenoni
2505 547 2564 589 ω

1430 625 1621 690 dedit.

418 729 555 787 1040
591 720 709 790 Cn.
752 724 945 799 Hem,
980 720 1134 806 quid
1169 721 1298 786 ais?
1374 720 1501 786 NA.
1546 719 1812 786 Adeone
1846 720 2177 806 indignum
2210 719 2331 835 hoo
2363 718 2480 785 tibi

1429 813 1700 890 uidetur,
1735 814 1907 880 fflius

753 910 969 976 Homo
1022 909 1392 977 adulescens
1445 908 1499 972 si
1551 907 1742 973 habet
1801 931 1994 972 unam
2053 910 2347 986 amicam,
2407 917 2480 973 tu

1430 1004 1660 1067 uxores
1698 1002 1890 1067 duas?

753 1097 815 1162 N
812 1097 857 1163 ss
891 1096 1168 1183 pudere?
1211 1117 1336 1181 quo
1372 1096 1479 1160 ore
1512 1096 1691 1160 illum
1724 1095 2127 1182 obiurgabis?
2169 1093 2477 1181 responde

1426 1190 1601 1254 mihi.

585 1284 712 1351 Dm.
748 1284 970 1350 Faciet
1002 1294 1074 1349 ut
1108 1283 1304 1350 uoles.
1390 1282 1515 1349 NA.
1568 1284 1774 1348 Immo
1810 1293 1880 1348 ut
1913 1306 2121 1349 meam
2153 1283 2281 1348 iam
2315 1281 2477 1349 scias

1428 1377 1828 1456 sententiam,
2331 1464 2334 1469 Ι

753 1472 980 1558 Neque
1033 1493 1154 1558 ego
1206 1473 1467 1556 ignosco
1520 1473 1725 1556 neque
1788 1472 2081 1558 promitto
2141 1474 2479 1556 quicquam
2505 1489 2562 1531 55

1427 1587 1633 1650 neque
1667 1566 2012 1651 respondeo

414 1670 551 1726 1045
750 1661 940 1725 Prius
992 1682 1184 1746 quam
1236 1672 1501 1746 gnatum
1553 1660 1797 1725 uidero:
1861 1661 1996 1726 eius
2053 1660 2284 1725 iudicio
2335 1681 2478 1746 per-

1428 1754 1606 1821 mitto
1642 1755 1872 1820 omnia.

753 1847 947 1928 Quod
979 1849 1033 1912 is
1068 1848 1311 1915 iubebit
1344 1848 1595 1913 faciam.
1664 1849 1786 1915 Pu.
1830 1848 2068 1914 Mulier
2102 1850 2352 1934 sapiens
2388 1871 2477 1925 es,

1427 1944 1839 2007 Nausistrata.

582 2037 705 2109 NA.
750 2034 935 2103 Satin
969 2036 1180 2101 tibist?
1262 2037 1381 2102 Du.
1425 2038 1548 2101 Ita.
1642 2036 1744 2102 CH.
1787 2018 1993 2103 Ῐιιιιιιο
2028 2059 2180 2102 uero
2215 2035 2479 2122 pfflohre

1430 2130 1685 2195 discedo
1721 2133 1784 2195 et
1817 2131 2013 2217 probe

750 2207 837 2289 Et
869 2235 1118 2309 praeter
1153 2246 1348 2309 spem.
1418 2225 1539 2291 NA.
1577 2225 1682 2289 Τίι
1715 2236 1892 2291 tuom
1923 2247 2153 2290 nomen
2189 2224 2290 2288 dio
2323 2222 2478 2288 mihi

1425 2318 1580 2403 quid
1614 2324 1713 2383 sit.
1781 2319 1902 2384 Pu.
1948 2318 2279 2383 Phormio.

748 2412 1019 2478 Vostrae
1067 2410 1345 2479 familiae
1389 2410 1599 2477 hercle
1645 2412 1883 2478 amicus
1928 2415 1992 2478 et
2035 2424 2143 2477 tuo
2191 2433 2476 2478 summus
2503 2429 2555 2470 ⁶0

1424 2506 1795 2572 Phaedriae.

412 2608 548 2664 1050
578 2600 703 2665 NA.
747 2599 1072 2677 Phormio,
1101 2610 1165 2664 at
1191 2622 1312 2685 ego
1340 2603 1584 2665 ecastor
1610 2600 1872 2686 posthae
1896 2601 2013 2666 tibi
2038 2602 2209 2685 quod
2236 2612 2474 2687 potero,

1424 2695 1599 2778 quod
1633 2695 1808 2761 uoles

746 2788 1136 2872 Faciamque
1155 2798 1219 2859 et
1236 2788 1461 2854 dicam.
1514 2789 1634 2853 PH.
1664 2790 1955 2876 Benigne
1982 2788 2156 2853 diois.
2206 2789 2327 2855 NA.
2353 2790 2475 2854 Pol
2761 2774 2766 2825 ·¹

1421 2884 1775 2948 meritumst
1809 2896 2001 2948 tuom.

579 2976 701 3040 PH.
744 2978 874 3044 Vin
925 2976 1198 3062 primum
1251 2975 1440 3043 hodie
1491 2977 1701 3042 faeere
1753 2978 1924 3060 quod
1975 2999 2095 3064 ego
2141 2978 2473 3064 gaudeam,

1431 3071 1850 3149 Nausistrata,

746 3148 833 3236 Et
866 3164 1037 3247 quod
1071 3175 1181 3229 tuo
1216 3165 1353 3229 uiro
1388 3166 1553 3230 oculi
1589 3165 1879 3231 doleant?
1921 3165 2046 3232 NA.
2084 3164 2309 3253 Cupio.
2355 3168 2471 3231 ΡΗ.

1425 3260 1541 3325 Me
1578 3260 1659 3325 ad
1696 3263 1914 3326 cenam
1949 3282 2129 3325 uoea.

578 3354 695 3418 NA.
737 3353 855 3419 Pol
891 3377 1043 3420 uero
1071 3374 1251 3420 ιιοοο.
1307 3354 1434 3419 Dn.
1470 3354 1710 3419 Eamus
1737 3356 1900 3420 intro
1929 3354 2094 3419 hino.
2147 3354 2271 3419 NA.
2308 3356 2473 3421 Fiat.
2498 3374 2553 3416 65

1424 3449 1536 3514 sed
1569 3449 1739 3514 ubist
1771 3449 2088 3514 Phaedria

409 3548 544 3603 1055
746 3542 949 3607 Iudex
982 3542 1229 3607 noster?
1288 3542 1411 3607 ΡΗ.
1448 3543 1588 3607 Iam
1622 3543 1725 3608 hio
1759 3544 1908 3608 faxo
1944 3543 2163 3609 aderit.
2233 3543 2470 3610 CANTOB.

1421 3636 1557 3704 Vos
1593 3638 1799 3705 ualete
1835 3650 1897 3704 et
1931 3638 2228 3724 plaudite.

1308 3937 1732 3949 ——0———u
