2792 4617
224 272 342 343 ΠΙ,
368 272 405 328 3
1169 269 1470 327 ANDRIA
2196 256 2276 320 31

490 394 796 459 'Fuerant
829 393 1098 471 futurae,
1133 393 1312 459 flant.
1403 391 1524 458 Cn.
1568 392 1700 469 Ah,
1736 414 1818 456 ne
1851 413 1955 457 me
1990 391 2278 457 ebsecra:

516 486 722 569 Quasi
755 488 877 552 hec
913 498 975 553 te
1011 488 1247 553 orando
1284 511 1322 552 a
1354 510 1455 552 me
1489 490 1825 573 impetrare
1861 487 2161 572 operteat.

514 583 739 647 Alium
786 583 928 647 esse
981 604 1198 647 censes
1249 583 1419 646 nunc
1469 604 1573 647 me
1625 592 1816 665 atque
1877 580 2028 646 olim
2088 581 2281 665 quem
2316 581 2418 636 545

1192 675 1465 739 dabam?

517 767 594 834 Si
626 769 693 833 in
727 771 922 839 remst
954 768 1206 853 utrique
1240 780 1310 834 ut
1344 768 1528 846 siant,
1565 770 1802 834 accersi
1835 768 1983 833 iube
1994 792 2013 845 3

255 878 311 920 1⁵
519 861 655 928 Sed
689 862 742 926 si
778 864 855 927 ex
891 885 966 927 ea
998 885 1067 928 re
1104 863 1247 948 plus
1280 861 1495 926 malist
1529 884 1722 946 quam
1758 860 2074 927 cemmodi

514 955 809 1039 Vtrique,
844 956 910 1020 id
946 979 1052 1042 eqo
1089 968 1152 1022 te
1188 976 1298 1020 oro
1332 958 1400 1020 in
1436 978 1769 1021 commune
1802 966 1874 1020 ut
1910 954 2224 1032 censulas,

517 1048 722 1131 Quasi
756 1050 865 1114 flla
898 1060 1010 1115 tua
1046 1050 1125 1114 sit
1159 1049 1609 1135 Pamphilique
1646 1072 1765 1136 ego
1803 1053 1919 1113 sim
1959 1059 2156 1135 pater.

346 1140 439 1208 S1.
514 1143 723 1208 Immo
757 1145 848 1209 ita
883 1144 1031 1209 uolo
1065 1144 1280 1228 itaque
1315 1144 1566 1229 pestulo
1601 1155 1673 1208 ut
1707 1144 1833 1219 fiat,
1873 1140 2199 1219 Chremes,
2322 1153 2425 1209 550

514 1237 744 1322 Neque
776 1238 1094 1328 pestulem
1132 1239 1246 1303 abs
1283 1248 1366 1314 te,
1411 1237 1478 1301 ni
1510 1240 1650 1323 ipsa
1684 1259 1785 1302 res
1821 1241 2090 1303 moneat.
2164 1234 2283 1301 Cn.

1198 1331 1377 1413 Quid
1412 1332 1543 1397 est?

252 1445 317 1485 20
348 1423 442 1491 Sl.
512 1425 656 1490 Irae
683 1435 830 1492 sunt
853 1427 1016 1493 inter
1037 1424 1408 1511 Glycerium
1437 1437 1500 1491 et
1524 1436 1806 1511 gnatum.
1893 1423 2012 1490 Cn.
2048 1425 2285 1490 Audio.

350 1517 443 1585 S1.
515 1519 618 1583 Ita
646 1523 936 1607 magnae,
964 1530 1037 1585 ut
1064 1542 1310 1606 sperem
1337 1521 1527 1605 pesse
1554 1520 1761 1584 auelli.
1818 1517 1938 1584 Cn.
1973 1519 2287 1585 Fabulae!

350 1611 443 1679 S1.
513 1613 812 1680 Profecto
850 1615 940 1680 sic
975 1626 1088 1680 est.
1178 1611 1299 1680 Cn.
1360 1611 1470 1679 Sic
1504 1612 1714 1679 hercle
1750 1623 1821 1677 ut
1855 1613 2061 1678 dicem
2095 1613 2238 1678 tibi:

456 1717 487 1809 τ
521 1708 900 1774 Amantium
934 1708 1065 1773 irae
1103 1709 1333 1774 ameris
1368 1707 1781 1793 integratiost.
2325 1724 2428 1780 555

351 1800 451 1868 Sr.
522 1801 670 1880 Em,
715 1801 784 1867 id
819 1812 883 1868 te
918 1805 1028 1868 ero
1061 1812 1136 1868 ut
1171 1812 1316 1867 ante
1352 1805 1591 1879 eamus,
1639 1802 1788 1865 dum
1824 1803 2071 1887 tempus
2107 1801 2293 1867 datur

258 1911 324 1952 25
520 1895 827 1981 Dumque
865 1899 998 1961 eius
1033 1895 1252 1961 lubido
1296 1897 1608 1961 occlusast
1644 1896 2060 1973 contumeliis,

521 1988 712 2055 Prius
747 2012 939 2073 quam
973 1989 1200 2056 harum
1237 1991 1475 2055 scelera
1520 2002 1584 2055 et
1624 1990 1941 2054 lacrumae
1990 1991 2291 2056 confictae

1103 2115 1107 2120 ·
1199 2084 1357 2148 dolis

519 2176 905 2243 Redducunt
938 2178 1221 2243 animum
1257 2179 1591 2264 aegretum
1626 2177 1709 2242 ad
1744 2177 2255 2256 misericerdiam,

517 2272 804 2339 Vxerem
842 2272 1079 2337 demus.
1168 2274 1354 2358 spero
1390 2272 1842 2337 consuetudine
1884 2269 2000 2357 [et]
2328 2283 2430 2337 560

523 2362 841 2452 Coniugio
875 2366 1120 2431 liberali
1155 2365 1541 2442 deuinctum,
1582 2362 1908 2440 Chremes,

259 2478 318 2517 30
522 2458 694 2524 Dein
729 2459 917 2525 facile
952 2482 1032 2526 ex
1066 2459 1191 2524 illis
1227 2462 1365 2525 sese
1402 2461 1793 2524 emersurum
1828 2460 2028 2524 malis.

346 2550 475 2617 Cn.
520 2552 672 2617 Tibi
704 2552 794 2619 ita
828 2553 949 2619 hec
985 2553 1268 2631 uidetur3
1303 2556 1370 2618 at
1406 2574 1527 2638 ego
1562 2575 1690 2617 non
1725 2573 1910 2638 posse
1945 2552 2231 2631 arbitror,

520 2647 751 2732 Neque
808 2646 989 2712 illum
1048 2647 1213 2713 hanc
1274 2658 1582 2734 perpetuo
1647 2646 1881 2712 habere
1932 2669 2139 2731 neque
2191 2670 2291 2712 me

1205 2741 1467 2827 perpeti.

348 2833 445 2900 SI.
517 2834 650 2916 Qui
685 2837 807 2900 scis
843 2857 995 2921 ergo
1031 2836 1213 2912 istuc,
1249 2837 1370 2899 nisi
1408 2835 1715 2921 periclum
1750 2834 2013 2900 feceris?
2328 2848 2431 2902 565

348 2928 477 2993 Cn.
524 2930 618 2993 At
651 2929 826 2995 istuc·
847 2930 1152 3015 periclum
1188 2930 1253 2994 in
1288 2930 1423 2994 fflia
1456 2930 1594 2995 fieri
1634 2940 1911 3014 grauest.

258 3042 317 3082 85
347 3022 445 3089 S1.
518 3024 766 3110 Nempe
798 3025 1281 3089 incommoditas
1318 3024 1593 3107 denique
1626 3023 1752 3088 hue
1790 3025 1992 3087 omnis
2026 3020 2208 3100 redit,

529 3118 602 3184 Si
638 3118 911 3195 eueniat,
950 3120 1123 3202 quod
1155 3118 1219 3183 di
1252 3118 1649 3203 prohibeant,
1688 3117 2003 3181 discessiO.

521 3213 616 3277 At
650 3215 704 3276 si
740 3213 1093 3298 corrigitur,
1130 3211 1302 3296 qued
1338 3211 1832 3288 commoditates,
1868 3211 2044 3275 uide:

524 3306 845 3392 Principio
881 3308 1084 3372 amico
1119 3307 1324 3371 filium
1357 3305 1722 3381 restitueris,
2329 3310 2431 3363 570

526 3400 673 3464 Tibi
708 3404 1014 3486 generum
1049 3402 1301 3465 firmum
1339 3412 1402 3466 et
1436 3401 1608 3464 filiae
1642 3397 1926 3464 inuenies
1961 3398 2189 3462 uirum.

258 3513 320 3553 40
351 3491 476 3558 CH.
526 3492 705 3574 Quid
742 3494 922 3559 istic?
958 3495 1011 3560 si
1047 3495 1135 3559 ita
1171 3495 1334 3559 istuc
1372 3494 1656 3558 animum
1691 3491 1941 3556 induxti
1968 3514 2106 3557 esse
2132 3490 2284 3555 utile

525 3587 691 3652 Nole
729 3587 843 3652 tibi
878 3588 1081 3653 ullum
1117 3588 1521 3653 cemmodum
1556 3588 1622 3651 in
1657 3610 1757 3652 me
1795 3586 2089 3651 claudier.

351 3679 445 3747 Sr.
518 3681 753 3746 Merite
791 3693 853 3747 te
890 3706 1138 3769 semper
1171 3683 1451 3747 maxumi
1486 3682 1631 3759 feci,
1669 3679 1995 3746 Chremes.

353 3775 476 3840 Cn.
528 3773 661 3840 Sed
695 3777 850 3860 quid
885 3778 1014 3841 ais?
1085 3776 1176 3843 S1.
1216 3776 1431 3858 Quid?
1503 3774 1621 3841 Cn.
1661 3774 1794 3856 Qui
1830 3778 1950 3839 scis
1988 3796 2095 3839 eos
2125 3795 2293 3837 nunc
2328 3789 2430 3843 575

1208 3870 1564 3935 discordare
1600 3870 1762 3933 inter
1798 3870 1902 3933 se?

349 3963 447 4030 SI.
522 3963 707 4049 Ipsus
752 3964 905 4029 mihi
940 3964 1187 4041 Dauos,
1233 3964 1343 4048 qui
1384 3967 1695 4029 intumust
1740 3962 1955 4027 eorum
1999 3960 2291 4039 consiliis,

1203 4058 1388 4132 dixit3
