2792 4617
415 666 484 720 85
518 654 637 720 Pu.
682 653 976 718 Minume
1012 652 1307 738 equidem
1339 676 1445 718 me
1480 653 1813 731 oblectaui,
1851 674 2014 738 quae
2050 676 2195 721 cum
2228 653 2426 719 milite
2479 672 2540 712 ιο

413 1126 483 1179 90

410 1690 477 1745 95

374 2160 476 2215 100

372 2818 474 2873 105

368 3484 470 3539 110

523 233 651 300 200

524 369 633 437 ΒΥ.

517 935 634 1000 ΡΑ.

509 1875 628 1939 ΡΗ.

508 2438 628 2503 ΡΗ.

508 2717 627 2785 ΡΑ.

501 3189 622 3256 PA.

689 368 885 437 Salus
938 379 1276 446 mecastor,
1327 370 1665 436 Pax-meuc.
1769 370 1888 436 ΡΑ.
1943 370 2031 437 Et
2085 382 2155 437 tu
2208 370 2455 457 edepol,

687 557 816 624 Dic
849 558 957 635 mi,
991 557 1123 634 ubi,
1156 462 1554 636 Ρὶιῦοῐὲἵῖ
1585 558 1912 625 oblectasti
1946 561 2076 624 tam
2111 559 2259 625 diu?

689 744 1065 811 Corinthum
1100 745 1248 811 hinc
1284 768 1428 811 sum
1460 746 1744 832 profecta
1776 746 2347 814 inhumanissumot

685 840 1025 905 Biennium
1059 839 1149 904 ibi
1184 841 1554 927 perpetuom
1590 841 1819 905 misera
1852 841 2031 905 illum
2067 840 2203 907 tuli.

681 934 931 1020 Edepol
964 945 1027 1000 te
1062 934 1444 999 desiderium
1477 934 1876 1001 Athenarum
1913 936 2197 1013 arbitror,

686 1029 1051 1106 Philotium,
1089 1030 1330 1114 cepisse
1366 1050 1557 1114 saepe
1591 1040 1656 1094 et
1688 1030 1751 1094 te
1785 1040 1963 1094 tuom

687 1121 1039 1188 Consilium
1074 1124 1545 1208 contempsisse.
1630 1122 1749 1188 ΡΗ.
1785 1123 1850 1189 N
1850 1146 1933 1188 on
1968 1123 2091 1188 dici
2124 1130 2350 1209 potest,
2476 1135 2536 1177 1⁵

683 1215 899 1299 Quam
959 1215 1191 1302 cupida
1249 1238 1422 1281 eram
1483 1216 1610 1281 huc
1670 1217 2005 1294 redeundi,
2075 1214 2346 1282 abeundi
2410 1235 2451 1278 a

1364 1309 1564 1374 milite

683 1405 945 1487 Vosque
981 1403 1084 1468 hic
1118 1402 1396 1479 uidendi,
1435 1404 1695 1487 antiqua
1728 1413 1800 1467 ut
1835 1402 2285 1467 consuetudine

681 1497 1014 1584 Agitarem
1049 1497 1212 1561 inter
1246 1519 1362 1562 uos
1400 1497 1596 1562 libere
1634 1496 2016 1562 conuiuium.

683 1592 848 1656 Nam
887 1592 977 1658 illi
1011 1590 1181 1655 haud
1216 1591 1447 1656 licebat
1480 1590 1601 1655 nisi
1636 1591 1961 1676 praefinito
1993 1590 2167 1674 loqui

684 1684 868 1765 Quae
903 1686 993 1750 illi
1035 1685 1373 1772 placerent.
1460 1684 1580 1750 ΡΑ.
1617 1684 1816 1749 Haud
1858 1685 2079 1772 opinor
2121 1680 2445 1749 commode
2473 1697 2530 1738 2⁰

681 1780 909 1844 Finem
947 1780 1239 1844 statuisse
1275 1778 1541 1844 orationi
1574 1778 1855 1845 mssitem.

678 1872 810 1940 Sed
845 1874 997 1959 quid
1033 1873 1153 1939 hoc
1187 1874 1485 1959 negotist,
1520 1873 1711 1938 modo
1747 1872 1917 1956 quod
1950 1872 2231 1937 narrauit
2264 1869 2420 1934 mihi

678 1969 807 2032 Hic
841 1970 1010 2032 intus
1046 1966 1353 2033 Bacchis?
1398 1968 1567 2050 quod
1604 1989 1723 2053 ego
1757 1990 2106 2051 numquam
2142 1964 2377 2031 credidi

681 2063 869 2140 Fore,
908 2075 980 2127 ut
1011 2062 1116 2127 ssle
1151 2062 1271 2126 hac
1305 2061 1458 2126 uiua
1493 2062 1702 2148 posset
1737 2062 2017 2127 animum
2049 2059 2346 2126 inducere

677 2157 957 2223 onrem
1002 2155 1255 2221 habere.
1340 2156 1463 2222 ΡΑ.
1507 2156 1768 2222 Habere
1813 2156 2063 2221 autem?
2137 2155 2256 2219 Pu.
2302 2152 2447 2218 Eho
2473 2168 2526 2209 25

1355 2260 1446 2328 tu,
1483 2273 1565 2316 an
1599 2252 1725 2316 non
1762 2250 1992 2316 habet?

609 2392 627 2409 .
679 2345 919 2421 Habet,
956 2342 1069 2409 sed
1101 2342 1322 2410 firmae
1357 2343 1517 2411 haec
1551 2348 1777 2411 uereor
1811 2356 1884 2409 ut
1918 2344 2041 2410 sint
2074 2341 2350 2429 nuptiae.

674 2439 776 2502 Ita
812 2438 877 2502 di
913 2436 1194 2521 deaeque
1230 2436 1453 2516 faxint,
1491 2438 1544 2503 si
1578 2437 1644 2502 in
1680 2461 1814 2504 rem
1849 2448 1946 2504 est
1979 2435 2331 2501 Bacchidis.

680 2531 811 2598 Sed
862 2535 972 2617 qui
1022 2532 1186 2597 istuc
1238 2532 1493 2597 credam
1543 2531 1635 2598 ita
1686 2534 1844 2610 esse,
1909 2531 2010 2596 dic
2059 2530 2233 2608 mihi,
2283 2528 2445 2594 Par-

682 2721 828 2786 Non
865 2721 960 2784 est
994 2742 1154 2806 opus
1189 2649 1621 2805 ΡΥοΙάῗὲῗΠΙῖὸο
1655 2718 2080 2806 percontarier

676 2815 949 2880 Desiste.
1054 2814 1175 2880 Pa.
1229 2814 1478 2900 Nempe
1532 2837 1608 2880 ea
1661 2815 1879 2892 causa,
1942 2824 2013 2880 ut
2075 2836 2156 2879 ne
2216 2810 2282 2876 id
2332 2811 2442 2875 fiat
2467 2829 2522 2869 30

673 3002 775 3068 Ita
809 3001 910 3068 me
947 3002 1013 3067 di
1048 2909 1605 3080 αωαδυηιῗῗέίῐιῗίῗ
1613 3013 1945 3088 propterea
1979 3002 2042 3067 te
2077 3023 2254 3088 rog0‚

672 3097 763 3163 Vt
797 3095 917 3161 hoc
950 3096 1287 3182 proferam,
1334 3096 1447 3162 sed
1482 3107 1550 3160 ut
1588 3096 1778 3161 tacita
1813 3118 2061 3162 mecum
2105 3094 2437 3182 gaudeam.

675 3191 1041 3275 Numquam
1078 3202 1207 3255 tam
1243 3190 1413 3254 dices
1449 3191 1793 3267 commode,
1837 3202 1909 3255 ut
1944 3192 2192 3276 tergum
2224 3211 2437 3255 meum

673 3285 880 3350 Tuam
920 3287 989 3348 in
1030 3284 1221 3349 fidem
1266 3286 1672 3349 committam.
1758 3285 1879 3349 PH.
1926 3284 2036 3349 Ah
2078 3283 2228 3361 noli,
2278 3283 2437 3347 Par-

673 3471 876 3555 Quasi
909 3473 981 3537 tu
1012 3493 1143 3537 non
1174 3401 1592 3538 multdngilatiis
1628 3495 1881 3538 narrare
1915 3473 2037 3538 hoc
2072 3471 2224 3539 mihi
2460 3488 2514 3530 ⁸5

672 3567 885 3649 Quam
922 3589 1042 3651 ego
1078 3567 1241 3651 quae
1276 3578 1610 3676 percontor
1652 3570 1827 3633 scire.
1914 3565 2036 3632 ΡΑ.
2071 3568 2245 3634 Vera
2278 3564 2434 3630 haec

669 3754 758 3819 Et
791 3754 945 3819 illud
981 3753 1136 3818 mihi
1169 3661 1875 3820 uitiugzitfigxssmum·
1949 3754 2003 3818 si
2037 3752 2191 3817 mihi
2225 3752 2415 3817 fidem

668 3849 807 3914 Das
843 3852 904 3913 te
941 3847 1291 3925 tacituram,
1330 3849 1555 3913 dicam.
1607 3849 1728 3913 ΡΗ.
1758 3849 1866 3913 Ad
1892 3847 2215 3934 ingenium
2244 3847 2429 3911 redis,

667 3942 893 4007 Fidem
946 3942 1058 4008 do:
1122 3942 1401 4025 loquere.
1495 3943 1615 4007 ΡΑ.
1669 3943 2002 4007 Ausculta.
2106 3941 2225 4006 ΡΗ.
2278 3939 2431 4005 Istic

1344 4059 1505 4101 sum.
1573 4036 1691 4100 ΡΑ.
1727 4038 1917 4101 Hanc
1953 4034 2339 4100 Bacchidem

1335 246 1645 303 HEOYRA
2452 249 2505 318 1,
2530 249 2570 303 2
