2792 4617
239 332 310 403 v,
332 335 368 387 4
1097 327 1512 386 EVNVGHVS
2150 316 2270 381 141

508 454 694 536 Quae
750 452 967 519 futura
1026 452 1319 538 exempla
1380 451 1599 516 dieunt
1657 452 1726 517 in
1787 474 1935 517 eum
1993 452 2271 538 indigna.

1185 546 1306 611 PA.
1345 543 1409 610 Ο
1449 545 1753 631 Iuppiter,

261 656 315 703 2⁵
511 641 699 724 Quae
734 641 918 708 illaee
951 639 1235 706 turbant?
1277 640 1430 705 num
1467 662 1617 703 nam
1662 662 1783 726 ego
1827 640 2023 725 perii?
2065 640 2272 706 adibo,

1185 732 1338 819 quid
1372 734 1557 811 istuc,
1597 732 1900 819 Pythias?

507 829 683 910 Quid
716 829 912 894 αἴθ’
892 852 960 893 ιιι
1004 848 1194 913 quem
1240 827 1533 912 exempla
1574 826 1765 893 fient?
1831 828 1949 894 Pr.
1985 827 2273 914 RegitaS,

1183 921 1657 986 audacissume?

505 1015 845 1082 Perdidisti
878 1015 1068 1081 istum
1103 1037 1294 1102 quem
1338 1014 1601 1080 adduxti
1644 1036 1759 1100 pro
1795 1014 2084 1081 eunucho
2118 1014 2277 1081 adu-

1182 1109 1625 1185 lescentulum‚

504 1204 682 1270 Dum
737 1204 951 1271 studes
996 1205 1147 1270 dare
1189 1204 1390 1269 uerba
1442 1202 1646 1268 nobie.
1733 1203 1854 1268 PA.
1925 1201 2103 1285 Quid
2151 1204 2276 1268 ita?
2309 1214 2414 1270 950

204 1357 209 1363 .
1184 1309 1295 1364 aut
1329 1297 1486 1383 quid
1520 1297 1856 1362 factumst?
1901 1297 2077 1363 cedo.

335 1393 455 1459 Pr.
509 1393 766 1459 Dicam·
809 1391 1123 1479 uirginem
1166 1394 1375 1469 istam,
1422 1390 1656 1456 Tha’idi
1689 1392 1874 1456 hddie
1909 1413 2072 1476 quae
2107 1391 2274 1456 ᾶοιιό

1183 1486 1411 1562 datast,

260 1599 313 1639 ³⁰
508 1580 651 1647 Seis
694 1603 835 1647 eam
878 1580 1026 1645 hine
1070 1580 1276 1645 ciuem
1320 1579 1500 1645 esse?
1551 1590 1613 1645 et
1655 1512 1915 1644 fratrem
1960 1579 2096 1644 eius
2138 1581 2276 1644 esse

1183 1673 1470 1760 adprime
1504 1674 1817 1739 ndbilem?

337 1769 455 1833 PA.
501 1768 747 1835 Nescio,
794 1769 913 1834 ΡΥ.
941 1768 1143 1852 Atqui
1179 1771 1269 1833 sie
1303 1769 1648 1835 inuentast:
1687 1771 1826 1833 eam
1862 1767 2002 1833 istie
2027 1767 2277 1833 uitiauit

1182 1885 1390 1927 mmet.

505 1937 623 2021 ille
657 1956 769 2021 ubi
810 1956 878 2021 id
918 1956 1175 2022 reseiuit
1217 1956 1460 2021 factum
1502 1955 1697 2022 frater
1740 1955 2275 2035 uiolentissumu3‚

337 2050 457 2115 PA.
504 2049 677 2131 Quid
735 2073 883 2115 nam
937 2050 1125 2117 feeit?
1209 2051 1330 2115 ΡΥ.
1391 2049 1734 2136 ednligauit
1793 2053 2069 2136 primum
2128 2075 2277 2118 eum
2309 2065 2413 2122 955

1181 2144 1426 2210 miseris
1462 2144 1685 2210 modiS.

336 2239 455 2304 PA.
501 2236 908 2326 Cdnligauit?
1008 2238 1128 2304 ΡΥ.
1181 2222 1268 2304 Et
1320 2239 1579 2322 quidem
1633 2250 1881 2317 orante,
1944 2240 2017 2305 ut
2078 2261 2159 2304 ne
2210 2238 2275 2307 id

1182 2333 1441 2410 faceret,
1478 2331 1744 2397 Thaide.

257 2443 313 2484 35
336 2426 455 2491 PA.
499 2425 674 2509 Quid
711 2427 842 2491 a’is?
910 2425 1028 2490 ΡΥ.
1064 2425 1254 2491 Nune
1288 2425 1566 2491 minatur
1607 2448 1795 2512 porro
1832 2429 1970 2493 sese
2003 2427 2072 2492 id
2105 2426 2277 2513 quod

1182 2520 1462 2586 moechis
1498 2520 1685 2587 solet:

507 2613 699 2697 Qudd
733 2636 854 2699 ego
888 2635 1235 2699 numquam
1270 2614 1406 2680 uidi
1439 2615 1578 2681 fieri
1611 2617 1818 2701 neque
1856 2616 2068 2681 uelim
2154 2615 2272 2681 PA.

1184 2707 1335 2790 Qua
1368 2709 1636 2775 audacia

505 2802 783 2867 Tantum
853 2802 1099 2868 facinus
1177 2801 1406 2869 audet?
1508 2804 1628 2868 ΡΥ.
1698 2802 1874 2886 Quid
1950 2804 2041 2869 ita
2107 2805 2276 2869 ‘tan-

1180 2908 1315 2962 tum
1328 2897 1381 2961 ⁹?
1435 2898 1555 2964 PA.
1594 2899 1703 2965 An
1736 2920 1865 2964 non
1899 2899 2019 2964 hoc
2052 2902 2275 2964 maxu-

1181 2992 1454 3056 mutnet?

506 3032 669 3166 Quis
713 3084 899 3150 homo
948 3107 1063 3171 pro
1106 3084 1370 3151 moecho
1420 3086 1723 3170 umquam
1768 3085 1928 3152 uidit
1975 3087 2043 3150 in
2087 3086 2274 3151 domo
2308 3104 2411 3158 960

1182 3179 1534 3245 meretricia

505 3273 743 3338 Prendi
777 3275 1199 3359 quemquam?
1260 3275 1377 3339 ΡΥ.
1415 3273 1667 3340 Νόεοὶο.
1754 3274 1875 3339 PA.
1912 3275 2006 3340 At
2037 3298 2118 3341 ne
2152 3274 2274 3341 hoe

1178 3367 1493 3446 neseiatiS,
1529 3368 1821 3453 Pythias:

255 3483 310 3523 ιο
504 3461 689 3539 Dico,
719 3461 896 3528 edico
922 3463 1102 3528 udbis
1127 3473 1415 3527 nostrum
1443 3486 1580 3529 esse
1606 3464 1785 3528 illum
1806 3464 2021 3530 erilem
2049 3465 2271 3530 fflium.

1179 3558 1300 3624 Pr.
1336 3560 1531 3637 Hem,

507 3629 816 3730 Obsecro,
851 3675 932 3717 an
966 3652 1021 3718 is
1057 3653 1190 3719 est?
1251 3650 1371 3718 PA.
1408 3653 1510 3718 Ne
1546 3675 1736 3737 quam
1769 3654 1836 3718 in
1871 3653 2050 3719 illum
2076 3654 2272 3720 Tha'is

1179 3748 1313 3812 uim
1346 3748 1485 3813 fleri
1519 3747 1710 3813 sinat!
2155 3808 2162 3814 .

507 3821 725 3924 Atque
777 3839 936 3906 adeo
990 3853 1204 3908 autem
1249 3843 1407 3926 qudr
1456 3865 1583 3907 non
1637 3855 1890 3929 egomet
1939 3846 2103 3910 intro
2156 3853 2269 3917 eo?

1179 3937 1296 4003 ΡΥ.
1335 3937 1529 4015 Vide,
1563 3936 1905 4017 Pammene,

509 4029 688 4112 Quid
722 4053 896 4117 agae,
932 4056 1012 4098 ne
1046 4054 1253 4117 neque
1286 4032 1378 4096 illi
1412 4033 1614 4119 prosis
1642 4035 1707 4099 et
1732 4044 1803 4098 tu
1836 4058 2087 4120 peream
2124 4059 2267 4100 nam
2304 4044 2408 4100 965

1186 4127 1304 4194 hee
1337 4139 1584 4214 putant,
