2792 4617
890 141 1029 210 ,3ae
1106 119 1221 173 »fi-

1042 334 1233 390 vrrA
1267 333 1605 391 TERENTI
2252 319 2298 392 5

216 450 354 491 etl-B·
495 449 635 504 Post
667 451 843 507 editas
873 471 965 508 sex
997 453 1327 524 comoedias,
1359 455 1603 509 nondum
1635 453 1886 525 quintum
1909 457 2076 522 atque
2098 450 2293 506 uicesi-

215 512 265 551 p’
285 504 339 594 ξ
358 550 512 588 11111111
542 551 796 608 egressus
829 555 1046 609 annum,
1080 540 1250 594 animi
1281 557 1451 595 causa
1472 559 1562 594 seu
1583 539 1845 595 uitandae
1869 537 2159 611 opinionis,
2183 553 2293 607 11113

357 619 658 675 uidebatur
694 623 877 678 aliena
915 641 1016 695 pro
1055 625 1167 696 suis
1208 626 1401 695 edere,
1443 643 1543 684 scu
1582 624 1923 697 percipiendi
1957 623 2293 678 Graecorum

359 704 615 761 instituta
644 724 957 780 moresque,
998 726 1134 782 quos
1175 727 1285 766 non
1323 712 1553 784 perinde
1596 711 1927 784 exprimeret
1964 710 2024 764 in
2056 707 2292 778 scriptis,

361 805 618 860 egressus
656 795 783 848 urbe
813 799 898 848 est
929 811 1108 866 neque
1154 797 1389 867 amplius
1432 796 1613 852 rediit.
1685 797 1755 851 de
1797 801 1971 851 morte
2012 794 2130 851 eius
2160 792 2292 848 Vol·
2326 790 2363 845 5

360 875 549 930 3331113
573 876 654 932 313
675 879 870 934 tradit:

268 992 325 1032 10
434 976 546 1032 Sed
568 985 630 1034 ut
656 960 798 1037 Afer
819 985 1020 1055 populo
1045 982 1140 1040 331
1163 984 1318 1040 dedit
1340 982 1670 1054 comoedias,

430 1062 547 1118 Iter
568 1063 700 1121 hinc
719 1066 779 1122 in
802 1069 992 1124 Asiam
1018 1067 1168 1125 fecit.
1239 1086 1438 1126 nauem
1460 1080 1629 1124 andem
1651 1065 1716 1126 tit
1737 1068 1908 1136 semel

432 1146 782 1222 Conscendit,
803 1153 954 1209 uisus
976 1152 1274 1227 numquam
1297 1162 1406 1209 est:
1433 1155 1512 1210 sic
1534 1154 1653 1210 uita
1673 1159 1854 1209 uacat.

361 1249 427 1314 Q.
454 1250 754 1309 Cosconius
782 1257 1103 1314 redeuntem
1127 1275 1158 1313 3
1182 1257 1422 1314 Graecia
1453 1259 1662 1330 perisse
1693 1257 1753 1312 in
1783 1256 1923 1312 mari
1953 1263 1979 1290 ¹·
2002 1254 2126 1309 sinu
2145 1253 2291 1307 Leu-
2328 1253 2396 1307 10

359 1337 558 1396 cadiae
581 1346 607 1373 ¹·
640 1340 776 1395 dicit
804 1360 928 1397 cum
951 1341 1035 1413 [C.
1062 1349 1119 1398 et
1141 1343 1325 1414 VIII.]
1357 1343 1563 1398 fabulis
1597 1342 1874 1398 conuersis
1906 1359 1942 1397 a
1972 1340 2290 1396 Menandro

268 1434 324 1477 15
362 1423 534 1477 ceteri
574 1430 847 1481 mortuum
887 1444 1007 1483 3333
1045 1429 1104 1483 111
1144 1428 1391 1483 Arcadia
1425 1428 1737 1500 Stymphali
1779 1428 1925 1499 [sinu
1952 1426 2291 1495 Leucadiae]

212 1531 259 1570 p.
278 1523 333 1562 33
360 1509 591 1564 tradunt
614 1509 712 1573 Cn.
740 1510 990 1568 Cornelio
1012 1513 1308 1570 Dolabella
1329 1514 1407 1569 M.
1433 1514 1632 1569 Fuluio
1656 1515 1936 1571 Nobiliore
1960 1512 2290 1581 consulibus,

359 1595 552 1649 morbo
575 1595 901 1668 implicitum
926 1599 1083 1669 [acri]
1109 1616 1176 1654 ex
1201 1601 1386 1655 dolore
1410 1617 1477 1655 33
1499 1599 1685 1655 taedio
1708 1601 2028 1654 amissarum
2052 1598 2289 1653 sarcina-

359 1696 500 1748 rum,
525 1694 664 1749 quas
686 1682 746 1737 in
768 1699 910 1738 naue
933 1684 1311 1755 praemiserat,
1336 1702 1405 1741 ac
1428 1686 1588 1740 simul
1611 1684 1940 1755 fabularum,
1965 1701 2102 1756 quas
2119 1700 2291 1739 1101133
2326 1683 2395 1737 15

361 1763 592 1820 fecerat.

498 1850 694 1907 Fuisse
740 1853 940 1909 dicitur
985 1854 1246 1910 mediocri
1292 1861 1527 1926 statura,
1575 1855 1773 1928 gracili
1813 1872 2065 1927 corpore,
2113 1854 2292 1909 colore

293 1949 324 1990 ὅ
361 1935 535 1990 fusco.
605 1937 829 2007 reliquit
858 1937 1058 2010 filiam,
1091 1957 1234 2011 quae
1263 1947 1389 2013 post
1422 1942 1596 2011 equiti
1625 1942 1872 1997 Romano
1905 1940 2117 2012 nupsit:
2158 1941 2293 1995 item

358 2021 606 2077 hortulos
629 2023 743 2078 XX
765 2023 1017 2095 iugerum
1038 2026 1134 2079 uia
1150 2026 1340 2097 Appia
1362 2028 1436 2081 ad
1457 2027 1653 2082 Martis
1679 2027 1928 2097 [uillam].
1979 2042 2089 2096 11110
2113 2025 2293 2098 magis

359 2106 532 2161 miror
552 2107 809 2163 Porcium
832 2110 1099 2165 scribere:
2324 2111 2395 2166 20

435 2207 622 2281 Scipio
644 2212 723 2265 nil
745 2210 972 2283 profuit,
995 2213 1075 2267 nil
1097 2211 1340 2284 Laelius,
1362 2215 1444 2268 nil
1466 2211 1682 2286 Furius,

433 2292 575 2351 Tres
596 2312 698 2367 per
718 2297 778 2350 id
801 2294 1018 2368 templis
1042 2298 1137 2369 qui
1159 2300 1452 2371 agitabant
1471 2299 1685 2356 nobiles
1708 2299 2013 2355 facillume:

433 2379 638 2436 Edrum
658 2381 756 2437 ille
781 2399 949 2454 opera
972 2381 1041 2439 ne
1066 2385 1285 2440 domum
1309 2385 1534 2456 quidem
1554 2383 1751 2440 habuit
1774 2383 2189 2454 conducticiam,

437 2465 644 2521 Saltem
665 2473 727 2522 ut
750 2473 896 2523 esset
917 2466 1026 2540 11116
1049 2469 1283 2525 referret
1304 2469 1519 2526 obitum
1542 2470 1747 2525 domini
1771 2469 2032 2525 seruolus.

501 2569 666 2625 Hunc
689 2570 952 2626 Afranius
985 2572 1206 2642 quidem
1238 2573 1490 2629 omnibus
1522 2573 1744 2629 comicis
1774 2571 2020 2645 praefert
2049 2573 2292 2628 scribens
2324 2574 2397 2629 25

361 2655 427 2709 in
448 2653 872 2727 Compitalibus:

272 2763 330 2802 10
437 2750 667 2807 Terenti
687 2770 878 2805 numne
899 2749 1138 2807 similem
1161 2751 1342 2806 dicent
1364 2749 1717 2823 quempiam?

217 2878 265 2917 p.
288 2867 342 2906 34
366 2855 662 2910 Volcacius
695 2860 880 2909 autem
909 2872 1019 2910 non
1048 2856 1224 2909 solum
1255 2854 1472 2911 Naeuio
1502 2860 1561 2909 et
1590 2855 1790 2909 Plauto
1825 2859 1881 2909 et
1903 2853 2161 2926 Caecilio,
2196 2857 2293 2911 sed

364 2939 585 2995 Licinio
608 2956 824 3010 quoque
849 2945 907 2994 et
927 2940 1102 2995 Atilio
1124 2940 1422 3011 postponit.
1480 2938 1672 2995 Cicero
1694 2941 1753 2995 in
1776 2941 2006 2996 Limone
2030 2941 2294 2997 hactenus

365 3025 790 3182 lassgtduoque,
814 3110 912 3179 qui
934 3110 1079 3165 solus
1101 3111 1246 3165 lecto
1270 3127 1537 3181 sermone,
1562 3111 1805 3181 Terenti,
2329 3029 2398 3083 30

438 3194 775 3251 Conuersum
799 3212 1221 3266 expressumque
1243 3195 1450 3251 Latina
1471 3213 1607 3252 uoce
1631 3196 1992 3251 Menandrum

303 3296 331 3337 5
435 3283 504 3335 In
527 3280 767 3335 medium
791 3281 950 3336 nobis
974 3281 1180 3336 sedatis
1202 3281 1431 3337 motibus
1456 3282 1636 3351 effers,

439 3366 716 3431 Quiddam
740 3382 891 3421 come
913 3366 1142 3436 loquens
1166 3371 1331 3437 atque
1354 3367 1537 3422 omnia
1561 3366 1745 3422 11111313
1766 3368 2007 3427 means.

368 3471 514 3523 Item
536 3468 597 3523 C.
626 3468 852 3524 Caesar:
2333 3473 2404 3527 35

439 3556 531 3609 Tu
555 3570 790 3625 quoque,
813 3560 875 3609 tu
896 3554 956 3610 in
978 3554 1219 3625 summis,
1244 3572 1277 3609 0
1302 3555 1588 3610 dimidiato
1610 3555 1932 3629 Menander,

440 3640 688 3709 Poneris‚
714 3646 770 3695 et
791 3641 1001 3710 merito,
1025 3641 1152 3711 puri
1174 3642 1437 3696 sermonis
1460 3647 1686 3696 amator.

279 3741 334 3779 10
439 3725 686 3779 Lenibus
710 3731 876 3796 atque
899 3726 1110 3781 utinam
1133 3726 1353 3796 scriptis
1375 3727 1636 3782 adiuncta
1658 3728 1803 3782 foret
1824 3729 1930 3799 1113,

442 3810 665 3865 00111133
685 3816 748 3865 ut
770 3817 1004 3882 aequato
1026 3810 1202 3865 uirtus
1224 3812 1460 3882 polleret
1480 3814 1685 3868 honore

446 3894 581 3949 Cum
604 3894 834 3952 Graecis
858 3914 996 3952 neue
1018 3898 1125 3951 1133
1148 3897 1441 3967 despectus
1465 3905 1622 3968 parte
1645 3900 1880 3954 iaceres!
2333 3898 2404 3954 40

448 3982 627 4037 Vnum
648 3983 754 4037 hoc
776 3997 1021 4037 maceror
1043 3999 1111 4037 ac
1134 3983 1293 4038 doleo
1315 3983 1421 4037 tibi
1445 3985 1621 4054 desse,
1646 3984 1891 4040 Terenti.
