2792 4617
536 320 663 385 124
1295 329 1706 386 EVchHvs
2403 331 2512 399 111,
2535 331 2567 386 5

702 455 876 539 Quid
919 454 1119 519 multa
1170 454 1405 520 uerba?
1458 456 1670 518 amare
1724 453 1924 539 coepi.
1994 453 2158 520 fdrte
2212 453 2467 520 fortuna
2492 472 2545 512 πο

1375 546 1547 611 domi
1600 554 1607 565 '

698 642 858 707 Erat
906 642 1165 729 quidam
1219 641 1547 721 eunuchus
1560 688 1578 717 ,
1640 643 1832 725 quem
1883 651 2196 707 mercatus
2260 641 2467 706 fuerat

1374 735 1569 799 frater
1602 734 1855 812 Thaidi,
2536 798 2539 801 ,

391 839 496 895 570
697 829 922 914 Neque
957 831 1009 894 is
1037 829 1344 895 deductus
1380 829 1569 894 etiam
1598 827 1747 892 dum
1779 829 1861 893 ad
1888 851 2047 894 eam.
2101 825 2467 893 submonuit

1377 945 1479 988 me
1514 923 1831 988 Parmeno

701 1019 795 1084 Ibi
833 1020 1070 1097 seruos,
1115 1016 1288 1103 quod
1332 1040 1453 1104 ego
1502 1016 1755 1102 arripui.
1844 1017 1967 1084 An.
2007 1015 2182 1098 Quid
2226 1016 2292 1080 id
2334 1016 2466 1082 est?

1371 1108 1493 1176 Cn.
1531 1110 1791 1177 Tacitus
1827 1110 2010 1176 citius
2046 1111 2293 1176 audies:

701 1208 788 1272 Vt
821 1209 1065 1272 uestem
1102 1228 1245 1272 cum
1283 1227 1358 1272 eo
1394 1206 1633 1271 mutem
1668 1215 1730 1270 et
1773 1227 1888 1291 pro
1931 1205 2039 1270 illo
2077 1205 2329 1271 iubeam
2363 1226 2466 1270 me

1375 1301 1522 1365 illoc
1559 1300 1791 1365 ducier.

533 1404 649 1464 ἡκ
701 1400 826 1460 Pro
858 1396 1233 1474 eunucho&
1303 1392 1426 1477 Cu.
1465 1392 1574 1460 Sic
1611 1408 1725 1460 est.
1796 1395 1921 1460 An.
1961 1393 2136 1474 Quid
2170 1416 2251 1459 ex
2286 1415 2361 1458 ea
2395 1413 2463 1458 re
2489 1408 2543 1451 25

1372 1488 1628 1554 tandem
1665 1500 1736 1554 ut
1772 1510 2028 1574 caperes
2065 1480 2413 1553 ccmmodi?

533 1584 649 1648 Cu.
697 1584 948 1670 Rogas?
1008 1582 1318 1661 uiderem,
1379 1582 1693 1660 audirem,
1758 1605 1960 1647 essem
2012 1605 2140 1646 una
2189 1584 2466 1664 quacum

1374 1677 1730 1762 cupiebam,
1766 1659 2072 1765 Antipho.
2192 1734 2197 1738 ,

392 1784 493 1832 5'1'5
697 1772 868 1836 Num
903 1773 1104 1857 parua
1139 1793 1330 1836 causa
1364 1781 1476 1835 aut
1509 1774 1710 1856 praua
1736 1770 1988 1834 ratiost?
2031 1769 2296 1836 traditus
2323 1790 2463 1833 sum

1371 1866 1639 1931 mulieri.

701 1960 816 2024 Illa
848 1959 992 2025 ilico
1027 1959 1140 2024 ubi
1173 1982 1277 2024 me
1312 1959 1576 2044 accepit,
1612 1960 1779 2025 laeta
1812 1961 1966 2024 uero
2003 1958 2087 2024 ad
2112 1981 2180 2024 se
2208 1957 2464 2024 abducit

1374 2054 1665 2131 domum3

701 2147 1121 2213 Commendat
1170 2146 1502 2234 uirginem.
1589 2149 1713 2212 An.
1771 2146 1980 2228 Quoi?
2029 2147 2266 2213 tibine?
2340 2143 2460 2211 Cn.

1139 2319 1144 2323 ἢ
1371 2241 1560 2306 Mihi.
1630 2243 1754 2307 An.
1794 2241 1963 2307 Satis
2001 2242 2134 2305 tutd
2170 2241 2419 2306 tamen?

533 2336 645 2400 Cu.
697 2334 905 2401 Edicit
941 2358 1020 2400 ne
1055 2335 1155 2400 uir
1189 2337 1524 2419 quisquam
1562 2335 1643 2400 ad
1678 2358 1818 2400 eam
1855 2334 2060 2413 adeat,
2096 2337 2160 2400 et
2193 2335 2347 2399 mihi
2379 2357 2461 2400 ne
2488 2353 2539 2394 so

1369 2429 1707 2494 abscedam
1740 2432 2036 2514 imperat3

701 2524 773 2588 In
824 2523 1118 2588 interiore
1170 2525 1347 2608 parte
1400 2536 1471 2588 ut
1530 2546 1820 2588 maneam
1883 2524 2049 2587 selus
2108 2515 2253 2588 cum
2304 2523 2459 2588 sola.

1373 2616 1585 2681 adnuo

392 2724 489 2772 55:21]
701 2712 962 2776 Terram
996 2713 1247 2775 intuens
1282 2711 1586 2775 modeste.
1658 2710 1781 2775 An.
1818 2710 2038 2775 Miser.
2104 2708 2222 2775 Cn.
2260 2709 2460 2797 ‘Ego'

1375 2804 1581 2887 inquit
1616 2805 1728 2869 ‘ad
1762 2826 1983 2869 cenam
2020 2804 2167 2869 hinc
2202 2806 2324 2870 eo’.

697 2898 977 2964 Abducit
994 2907 1209 2964 secum
1231 2900 1517 2976 ancillas3
1545 2921 1806 2984 paucae,
1835 2899 1998 2981 quae
2026 2894 2260 2964 circum
2289 2899 2464 2965 illam

1379 2994 1607 3069 essent,
1642 3010 1901 3056 manent

701 3086 1007 3152 N-ouiciae
1067 3085 1334 3171 puellae.
1371 3081 1375 3084 ’
1425 3087 1721 3152 continuo
1772 3085 1949 3152 'haec
2018 3087 2327 3152 adornant
2393 3090 2465 3153 ut

1377 3180 1568 3245 lauet.

701 3273 1020 3339 Adhdrtor
1077 3284 1435 3359 properent.
1507 3274 1659 3338 dum
1721 3274 2090 3360 adparatur,
2155 3276 2335 3361 uirgo
2397 3276 2461 3340 in
2488 3291 2537 3334 3⁶

1376 3368 1664 3433 conclaui
1700 3368 1874 3433 sedet

705 3462 1085 3547 Suspectans
1129 3461 1412 3526 tabulam
1457 3460 1774 3545 quandam
1818 3461 2045 3547 pictam
2061 3456 2083 3524 i
2130 3461 2221 3526 ibi
2261 3463 2479 3527 inerat

1372 3554 1616 3641 pictura
1650 3556 1826 3632 haec,
1863 3555 2087 3619 Iouem

701 3648 848 3732 Quo
909 3651 1094 3734 pacto
1157 3648 1424 3713 Danaae
1486 3649 1728 3714 misisse
1789 3649 1965 3713 aiunt
2015 3648 2329 3733 qudndam
2393 3651 2460 3716 in

1375 3743 1693 3828 gremium
1726 3743 1993 3807 imbrem
2027 3745 2307 3809 aureum.

705 3838 978 3922 Egomet
1010 3857 1262 3919 quoque
1296 3837 1360 3900 id
1402 3839 1685 3922 spectare
1721 3837 1921 3922 coepi,
1967 3834 2042 3902 et*
2066 3839 2214 3921 quia
2257 3838 2463 3903 consi-

1374 3930 1587 3996 milem
1623 3930 1857 3994 luserat

701 4028 836 4092 Iam
872 4023 1020 4089 olim
1055 4023 1161 4090 ssle
1187 4023 1429 4100 ludum,
1463 4023 1762 4107 inpendio
1797 4023 2003 4113 magis
2028 4025 2276 4093 animus
2304 4049 2462 4116 gau-

1377 4117 1568 4182 debat
1602 4118 1776 4197 mihi,
