2792 4617
540 217 665 282 160
1331 229 1679 286 Pnommo
2224 13 2792 303 Ψ

704 352 1012 419 Monitorr
1067 351 1192 421 Gn.
1221 352 1346 419 vix
1372 328 1648 418 eaedem.
1712 352 2053 434 1312.de
2074 353 2230 418 mihi
2256 334 2469 420 sidant

1383 448 1495 511 aut
1529 468 1723 531 quam
1759 469 2015 513 causam
2050 448 2400 534 reperient?

396 547 500 602 235
702 541 1017 608 Demiror.
1063 540 1186 610 Gn.
1215 541 1421 625 Atqui
1437 541 1774 626 reperiam:
1805 541 1978 606 aliud
1996 543 2163 608 cura.
2199 542 2326 608 Dn.
2359 543 2467 607 An
2493 558 2521 600 ὅ

1376 634 1499 700 hoc
1534 635 1701 700 dicet
1735 635 1917 700 mihi:

702 732 977 796 ‘Inuitus
1030 730 1172 795 feci.
1258 730 1362 794 lex
1420 728 1694 814 coegit'?
1753 730 1971 808 audio,
2034 729 2255 796 fateer.
2343 728 2467 795 Gn.

533 918 655 984 Da.
693 920 935 984 Verum
977 917 1298 995 scientem,
1341 822 1623 1025 ιέῗειὶῗξιῗιῗ.
1649 939 1904 982 causam
1949 918 2195 983 tredere
2239 917 2467 983 aduor-

700 1104 995 1170 Etiamne
1021 1105 1087 1169 id
1115 1105 1220 1170 lex
1248 1013 1654 1189 coegittliussn.
1681 1102 1852 1167 Illud
1879 1103 2127 1168 durum.
2168 1102 2291 1170 Gn.
2319 1104 2465 1191 Ego

1376 1195 1738 1281 expediam:
1777 1194 1931 1261 sine.

531 1292 657 1356 Dn.
698 1293 1079 1359 Incertumst
1122 1291 1278 1375 quid
1322 1313 1530 1375 agam,
1577 1292 1727 1374 quia
1768 1301 2017 1375 praeter
2059 1313 2238 1377 spem
2273 1302 2465 1375 atque

0 1390 61 1475 3„
132 1356 133 1359 Ἴ
1373 1383 1742 1449 incredibile
1777 1382 1898 1448 hoc
1935 1383 2023 1448 mi
2057 1351 2489 1566 61³5ss

2 1476 75 1597 {J
270 1476 275 1485 ”
394 1487 499 1541 240
699 1481 801 1546 Ita
842 1503 983 1546 sum
1024 1479 1334 1556 inritatus,
1379 1479 1662 1543 animum
1702 1489 1776 1543 ut
1817 1499 2128 1563 nequeam
2173 1504 2212 1545 a
2292 1502 2326 1545 c
2409 1479 2464 1543 i-
2489 1498 2546 1539 10

1377 1574 1641 1638 tandum
1674 1572 2015 1638 instituere.

702 1668 912 1749 Quam
965 1670 1047 1734 ob
1099 1690 1233 1734 rem
1285 1667 1506 1744 (imnis,
1560 1688 1755 1751 quom
1805 1667 2119 1733 secundae
2170 1689 2271 1734 res
2315 1678 2465 1733 sunt

1378 1764 1696 1838 maxume,
1730 1772 1868 1826 tum
1903 1765 2198 1828 maxume

699 1858 1000 1923 Meditari
1070 1879 1284 1923 secum
1345 1858 1622 1943 opertet,
1691 1877 1817 1940 quo
1878 1866 2066 1942 pacto
2126 1857 2464 1945 aduorsam

1376 1952 1742 2017 aerumnem
1776 1950 2011 2017 ferant:
2059 1940 2208 2031 &9³3³
2217 1941 2453 1989 '‘mm“

703 2044 1007 2132 [Pericla,
1061 2045 1311 2123 damna,
1365 2045 1554 2111 exilia
1602 2067 1867 2223 peregre
1919 2046 2168 2112 rediens
2215 2069 2462 2133 semper

1374 2138 1610 2224 cogitet

699 2234 837 2297 Aut
869 2231 964 2296 ffli
996 2242 1326 2317 peccatum
1353 2233 1471 2391 agltl
1490 2230 1703 2297 uxoris
1729 2233 1997 2297 mertem
2033 2243 2143 2297 aut
2168 2231 2461 2298 morbum

1474 2349 1577 2404 ae3

393 2427 496 2483 245
700 2421 1082 2488 Communia
1140 2443 1275 2487 esse
1342 2422 1527 2499 haec,
1587 2420 1730 2487 fleri
1779 2442 1995 2507 posse,
2057 2432 2146 2500 ut
2175 2424 2256 2488 ne
2306 2422 2460 2507 quid
2488 2442 2541 2484 ιε

1375 2515 1586 2580 animo
1623 2516 1703 2579 sit
1737 2536 2034 2618 nouom3
2056 2538 2080 2559 ν

700 2609 1030 2694 Quidquid
1062 2619 1311 2695 praeter
1338 2630 1517 2694 spem
1544 2609 1813 2684 eueniat,
1850 2630 2035 2675 omne
2059 2610 2125 2675 id
2154 2610 2461 2696 deputare

1378 2725 1517 2767 esse
1548 2704 1617 2766 in
1650 2703 1846 2767 lucro.

531 2793 650 2862 Gn.
698 2794 762 2860 Ο
805 2795 1151 2873 Phaedria,
1203 2792 1691 2881 incredibile[st]
1739 2728 2047 2879 quaifum
2092 2818 2270 2862 erum
2310 2799 2459 2863 ente

1372 2911 1448 2955 eo
1484 2888 1812 2974 sapientia.

696 2983 1010 3049 Meditata
1044 2982 1199 3048 mihi
1232 2993 1377 3048 sunt
1418 2983 1626 3047 emnia
1668 3005 1815 3048 mea
1855 2983 2269 3063 incemmoda,
2312 3008 2456 3052 erus

1373 3076 1427 3141 si
1462 3076 1744 3142 redierit:

695 3172 1130 3238 Molendumst
1170 3170 1237 3235 in
1279 3170 1573 3256 pistrino,
1620 3170 2081 3257 uapulendum,
2128 3171 2456 3241 habendae

1373 3265 1729 3349 compedes,

389 3369 493 3423 250
697 3357 883 3445 Opus
926 3359 1058 3423 ruri
1099 3359 1489 3424 faciundum.
1559 3358 1783 3423 herum
1833 3359 1922 3424 nil
1965 3360 2304 3444 quicquam
2348 3364 2457 3427 ac-
2483 3380 2539 3422 ιο

1372 3452 1540 3518 cidet
1573 3452 1784 3517 anime
1813 3474 2066 3519 nouom.

697 3546 1026 3630 Quidquid
1049 3557 1296 3631 praeter
1325 3569 1506 3631 spem
1532 3547 1803 3624 eueniet,
1832 3569 2017 3614 omne
2043 3547 2109 3612 id
2136 3548 2456 3655 deputabo

1370 3662 1510 3705 esse
1539 3643 1608 3705 in
1641 3641 1836 3705 lucro.

697 3734 830 3802 Sed
863 3734 1015 3818 quid
1052 3757 1258 3801 cessas
1295 3734 1610 3800 heminem
1646 3735 1818 3800 adire
1845 3745 1908 3800 et
1934 3734 2211 3801 blande
2193 3760 2258 3800 m
2283 3736 2458 3821 prin-

1374 3829 1536 3914 cipio
1569 3828 1866 3912 adloqui?

525 3924 650 3989 Dn.
693 3922 1076 3988 Phaedriam
1113 3923 1238 3987 mei
1272 3922 1481 3987 fratris
1511 3922 1695 3987 uideo
1720 3922 1923 3988 filium
1948 3924 2038 3988 mi
2061 3923 2154 3989 ire
2179 3924 2452 3991 ebuiam.

522 4020 643 4086 Pu.
685 4018 787 4084 Mi
815 4019 1059 4104 patrue,
1090 4017 1284 4083 salue.
1352 4016 1481 4081 Dn.
1536 4016 1760 4095 Salue3
1796 4019 1909 4084 sed
1935 4018 2102 4083 ubist
2131 3999 2456 4105 Antipho?
