<?xml version="1.0" encoding="UTF-8"?>
<!DOCTYPE html PUBLIC "-//W3C//DTD XHTML 1.0 Transitional//EN"
    "http://www.w3.org/TR/xhtml1/DTD/xhtml1-transitional.dtd">
<html xmlns="http://www.w3.org/1999/xhtml" xml:lang="en" lang="en">
 <head>
  <title>
</title>
<meta http-equiv="Content-Type" content="text/html;charset=utf-8" />
  <meta name='ocr-system' content='tesseract 3.04.00' />
  <meta name='ocr-capabilities' content='ocr_page ocr_carea ocr_par ocr_line ocrx_word'/>
</head>
<body>
  <div class='ocr_page' id='page_1' title='image "./pterentiafricom01dziagoog_0336.png"; bbox 0 0 2792 4617; ppageno 0'>
   <div class='ocr_carea' id='block_1_1' title="bbox 544 259 670 324">
    <p class='ocr_par' dir='ltr' id='par_1_1' title="bbox 544 259 670 324">
     <span class='ocr_line' id='line_1_1' title="bbox 544 259 670 324; baseline 0 0"><span class='ocrx_word' id='word_1_1' title='bbox 544 259 670 324; x_wconf 87' lang='grc'>266</span> 
     </span>
    </p>
   </div>
   <div class='ocr_carea' id='block_1_2' title="bbox 1304 270 2573 345">
    <p class='ocr_par' dir='ltr' id='par_1_2' title="bbox 1304 270 2573 345">
     <span class='ocr_line' id='line_1_2' title="bbox 1304 270 2573 345; baseline 0.003 -20"><span class='ocrx_word' id='word_1_2' title='bbox 1304 270 1723 327; x_wconf 86' lang='lat' dir='ltr'><strong>ADELPHOE</strong></span> <span class='ocrx_word' id='word_1_3' title='bbox 2418 276 2519 345; x_wconf 87' lang='lat' dir='ltr'>IV,</span> <span class='ocrx_word' id='word_1_4' title='bbox 2540 274 2573 329; x_wconf 85' lang='lat'>5</span> 
     </span>
    </p>
   </div>
   <div class='ocr_carea' id='block_1_3' title="bbox 710 394 2549 576">
    <p class='ocr_par' dir='ltr' id='par_1_3' title="bbox 710 394 2549 576">
     <span class='ocr_line' id='line_1_3' title="bbox 715 394 2472 484; baseline 0.001 -24"><span class='ocrx_word' id='word_1_5' title='bbox 715 396 928 477; x_wconf 75' lang='lat' dir='ltr'>Quom</span> <span class='ocrx_word' id='word_1_6' title='bbox 971 397 1135 462; x_wconf 82' lang='lat' dir='ltr'>hanc</span> <span class='ocrx_word' id='word_1_7' title='bbox 1177 394 1298 461; x_wconf 89' lang='lat' dir='ltr'>sibi</span> <span class='ocrx_word' id='word_1_8' title='bbox 1341 394 1582 460; x_wconf 85' lang='lat' dir='ltr'>uidebit</span> <span class='ocrx_word' id='word_1_9' title='bbox 1616 397 1913 481; x_wconf 88' lang='lat' dir='ltr'>praesens</span> <span class='ocrx_word' id='word_1_10' title='bbox 1946 396 2263 483; x_wconf 78' lang='lat' dir='ltr'><strong>praesenti</strong></span> <span class='ocrx_word' id='word_1_11' title='bbox 2295 397 2472 484; x_wconf 87' lang='lat' dir='ltr'>eripi,</span> 
     </span>
     <span class='ocr_line' id='line_1_4' title="bbox 710 490 2549 576; baseline -0.002 -22"><span class='ocrx_word' id='word_1_12' title='bbox 710 491 971 555; x_wconf 76' lang='lat' dir='ltr'>Abduci</span> <span class='ocrx_word' id='word_1_13' title='bbox 1006 491 1087 555; x_wconf 86' lang='lat' dir='ltr'>ab</span> <span class='ocrx_word' id='word_1_14' title='bbox 1123 490 1357 555; x_wconf 90' lang='lat' dir='ltr'>oculis?</span> <span class='ocrx_word' id='word_1_15' title='bbox 1394 490 1640 554; x_wconf 73' lang='lat' dir='ltr'>facinus</span> <span class='ocrx_word' id='word_1_16' title='bbox 1675 491 2025 576; x_wconf 73' lang='lat' dir='ltr'>indignum,</span> <span class='ocrx_word' id='word_1_17' title='bbox 2062 491 2267 576; x_wconf 70' lang='lat' dir='ltr'>pater!</span> <span class='ocrx_word' id='word_1_18' title='bbox 2498 509 2549 550; x_wconf 77' lang='lat'>85</span> 
     </span>
    </p>
   </div>
   <div class='ocr_carea' id='block_1_4' title="bbox 408 583 2375 670">
    <p class='ocr_par' dir='ltr' id='par_1_4' title="bbox 408 583 2375 670">
     <span class='ocr_line' id='line_1_5' title="bbox 408 583 2375 670; baseline 0.003 -26"><span class='ocrx_word' id='word_1_19' title='bbox 408 589 511 645; x_wconf 87' lang='grc'>670</span> <span class='ocrx_word' id='word_1_20' title='bbox 543 584 663 649; x_wconf 81' lang='grc' dir='ltr'>Μῐ.</span> <span class='ocrx_word' id='word_1_21' title='bbox 711 583 861 666; x_wconf 85' lang='lat' dir='ltr'>Qua</span> <span class='ocrx_word' id='word_1_22' title='bbox 896 585 1135 649; x_wconf 62' lang='lat' dir='ltr'>ratione</span> <span class='ocrx_word' id='word_1_23' title='bbox 1170 584 1367 649; x_wconf 88' lang='lat' dir='ltr'>istuc?</span> <span class='ocrx_word' id='word_1_24' title='bbox 1405 587 1544 669; x_wconf 85' lang='lat' dir='ltr'>quis</span> <span class='ocrx_word' id='word_1_25' title='bbox 1583 584 1952 669; x_wconf 82' lang='lat' dir='ltr'>despondit?</span> <span class='ocrx_word' id='word_1_26' title='bbox 1988 588 2126 670; x_wconf 87' lang='lat' dir='ltr'>quis</span> <span class='ocrx_word' id='word_1_27' title='bbox 2164 585 2375 650; x_wconf 80' lang='lat' dir='ltr'>dedit?</span> 
     </span>
    </p>
   </div>
   <div class='ocr_carea' id='block_1_5' title="bbox 402 1155 505 1211">
    <p class='ocr_par' dir='ltr' id='par_1_5' title="bbox 402 1155 505 1211">
     <span class='ocr_line' id='line_1_6' title="bbox 402 1155 505 1211; baseline 0 -1"><span class='ocrx_word' id='word_1_28' title='bbox 402 1155 505 1211; x_wconf 80' lang='lat'>675</span> 
     </span>
    </p>
   </div>
   <div class='ocr_carea' id='block_1_6' title="bbox 400 1824 502 1878">
    <p class='ocr_par' dir='ltr' id='par_1_6' title="bbox 400 1824 502 1878">
     <span class='ocr_line' id='line_1_7' title="bbox 400 1824 502 1878; baseline 0.01 -1"><span class='ocrx_word' id='word_1_29' title='bbox 400 1824 502 1878; x_wconf 87' lang='grc'>680</span> 
     </span>
    </p>
   </div>
   <div class='ocr_carea' id='block_1_7' title="bbox 399 2651 502 2709">
    <p class='ocr_par' dir='ltr' id='par_1_7' title="bbox 399 2651 502 2709">
     <span class='ocr_line' id='line_1_8' title="bbox 399 2651 502 2709; baseline -0.01 0"><span class='ocrx_word' id='word_1_30' title='bbox 399 2651 502 2709; x_wconf 86' lang='grc'>685</span> 
     </span>
    </p>
   </div>
   <div class='ocr_carea' id='block_1_8' title="bbox 397 3406 501 3461">
    <p class='ocr_par' dir='ltr' id='par_1_8' title="bbox 397 3406 501 3461">
     <span class='ocr_line' id='line_1_9' title="bbox 397 3406 501 3461; baseline 0.01 -1"><span class='ocrx_word' id='word_1_31' title='bbox 397 3406 501 3461; x_wconf 88' lang='grc'>690</span> 
     </span>
    </p>
   </div>
   <div class='ocr_carea' id='block_1_9' title="bbox 711 678 2474 1025">
    <p class='ocr_par' dir='ltr' id='par_1_9' title="bbox 711 678 2474 1025">
     <span class='ocr_line' id='line_1_10' title="bbox 712 678 2409 765; baseline 0.001 -23"><span class='ocrx_word' id='word_1_32' title='bbox 712 678 884 761; x_wconf 85' lang='lat' dir='ltr'>Quoi</span> <span class='ocrx_word' id='word_1_33' title='bbox 919 679 1171 763; x_wconf 72' lang='lat' dir='ltr'>quando</span> <span class='ocrx_word' id='word_1_34' title='bbox 1205 679 1458 765; x_wconf 80' lang='lat' dir='ltr'>nupsit?</span> <span class='ocrx_word' id='word_1_35' title='bbox 1494 679 1712 743; x_wconf 75' lang='lat' dir='ltr'>auctor</span> <span class='ocrx_word' id='word_1_36' title='bbox 1745 679 1842 743; x_wconf 89' lang='lat' dir='ltr'>his</span> <span class='ocrx_word' id='word_1_37' title='bbox 1877 680 2066 744; x_wconf 77' lang='lat' dir='ltr'>rebus</span> <span class='ocrx_word' id='word_1_38' title='bbox 2099 679 2242 763; x_wconf 90' lang='lat' dir='ltr'>quis</span> <span class='ocrx_word' id='word_1_39' title='bbox 2278 680 2409 744; x_wconf 85' lang='lat' dir='ltr'>est?</span> 
     </span>
     <span class='ocr_line' id='line_1_11' title="bbox 717 753 2366 858; baseline 0 -21"><span class='ocrx_word' id='word_1_40' title='bbox 717 772 896 852; x_wconf 76' lang='lat' dir='ltr'>Quor</span> <span class='ocrx_word' id='word_1_41' title='bbox 931 772 1112 837; x_wconf 78' lang='lat' dir='ltr'>duxit</span> <span class='ocrx_word' id='word_1_42' title='bbox 1148 772 1455 839; x_wconf 88' lang='lat' dir='ltr'>alienam?</span> <span class='ocrx_word' id='word_1_43' title='bbox 1523 773 1648 836; x_wconf 74' lang='lat' dir='ltr'>An.</span> <span class='ocrx_word' id='word_1_44' title='bbox 1692 753 1804 836; x_wconf 79' lang='lat' dir='ltr'>An</span> <span class='ocrx_word' id='word_1_45' title='bbox 1842 773 2058 837; x_wconf 89' lang='lat' dir='ltr'>sedere</span> <span class='ocrx_word' id='word_1_46' title='bbox 2092 773 2366 858; x_wconf 82' lang='lat' dir='ltr'>opertuit</span> 
     </span>
     <span class='ocr_line' id='line_1_12' title="bbox 711 865 2474 1025; baseline 0.001 -95"><span class='ocrx_word' id='word_1_47' title='bbox 711 865 908 932; x_wconf 89' lang='lat' dir='ltr'>Domi</span> <span class='ocrx_word' id='word_1_48' title='bbox 969 866 1283 951; x_wconf 85' lang='lat' dir='ltr'>uirginem</span> <span class='ocrx_word' id='word_1_49' title='bbox 1344 877 1510 1025; x_wconf 54' lang='lat' dir='ltr'>tzilrlno</span> <span class='ocrx_word' id='word_1_50' title='bbox 1546 867 1881 952; x_wconf 61' lang='lat' dir='ltr'>grandem,</span> <span class='ocrx_word' id='word_1_51' title='bbox 1954 867 2105 931; x_wconf 90' lang='lat' dir='ltr'>dum</span> <span class='ocrx_word' id='word_1_52' title='bbox 2165 870 2474 954; x_wconf 72' lang='lat' dir='ltr'>cognatus</span> 
     </span>
    </p>
   </div>
   <div class='ocr_carea' id='block_1_10' title="bbox 2500 1074 2552 1115">
    <p class='ocr_par' dir='ltr' id='par_1_10' title="bbox 2500 1074 2552 1115">
     <span class='ocr_line' id='line_1_13' title="bbox 2500 1074 2552 1115; textangle 90"><span class='ocrx_word' id='word_1_53' title='bbox 2500 1074 2552 1115; x_wconf 67' lang='grc' dir='ltr'><strong>Ξ</strong></span> 
     </span>
    </p>
   </div>
   <div class='ocr_carea' id='block_1_11' title="bbox 708 1054 2277 1234">
    <p class='ocr_par' dir='ltr' id='par_1_11' title="bbox 708 1054 2277 1234">
     <span class='ocr_line' id='line_1_14' title="bbox 708 1054 2277 1143; baseline 0.001 -23"><span class='ocrx_word' id='word_1_54' title='bbox 708 1056 893 1120; x_wconf 83' lang='lat' dir='ltr'>Illinc</span> <span class='ocrx_word' id='word_1_55' title='bbox 927 1055 1191 1133; x_wconf 86' lang='lat' dir='ltr'>ueniret,</span> <span class='ocrx_word' id='word_1_56' title='bbox 1228 1056 1707 1140; x_wconf 83' lang='lat' dir='ltr'>expectantem?</span> <span class='ocrx_word' id='word_1_57' title='bbox 1742 1054 1920 1132; x_wconf 88' lang='lat' dir='ltr'>haec,</span> <span class='ocrx_word' id='word_1_58' title='bbox 1956 1057 2044 1120; x_wconf 92' lang='lat' dir='ltr'>mi</span> <span class='ocrx_word' id='word_1_59' title='bbox 2076 1066 2277 1143; x_wconf 85' lang='lat' dir='ltr'>pater,</span> 
     </span>
     <span class='ocr_line' id='line_1_15' title="bbox 708 1148 2098 1234; baseline 0 -19"><span class='ocrx_word' id='word_1_60' title='bbox 708 1149 804 1214; x_wconf 85' lang='lat' dir='ltr'>Te</span> <span class='ocrx_word' id='word_1_61' title='bbox 840 1149 1047 1215; x_wconf 80' lang='lat' dir='ltr'>dicere</span> <span class='ocrx_word' id='word_1_62' title='bbox 1084 1171 1354 1234; x_wconf 87' lang='lat' dir='ltr'>aequom</span> <span class='ocrx_word' id='word_1_63' title='bbox 1387 1148 1507 1213; x_wconf 64' lang='lat' dir='ltr'>fuit</span> <span class='ocrx_word' id='word_1_64' title='bbox 1543 1160 1607 1215; x_wconf 83' lang='lat' dir='ltr'>et</span> <span class='ocrx_word' id='word_1_65' title='bbox 1639 1148 1709 1213; x_wconf 91' lang='lat' dir='ltr'>id</span> <span class='ocrx_word' id='word_1_66' title='bbox 1742 1149 2098 1215; x_wconf 78' lang='lat' dir='ltr'>defendere.</span> 
     </span>
    </p>
   </div>
   <div class='ocr_carea' id='block_1_12' title="bbox 537 1243 2396 1322">
    <p class='ocr_par' dir='ltr' id='par_1_12' title="bbox 537 1243 2396 1322">
     <span class='ocr_line' id='line_1_16' title="bbox 537 1243 2396 1322; baseline 0 -14"><span class='ocrx_word' id='word_1_67' title='bbox 537 1243 657 1309; x_wconf 90' lang='lat' dir='ltr'>M1.</span> <span class='ocrx_word' id='word_1_68' title='bbox 702 1244 1094 1309; x_wconf 77' lang='lat' dir='ltr'>Ridiculum:</span> <span class='ocrx_word' id='word_1_69' title='bbox 1133 1244 1559 1309; x_wconf 88' lang='lat' dir='ltr'>aduorsumne</span> <span class='ocrx_word' id='word_1_70' title='bbox 1592 1243 1772 1309; x_wconf 83' lang='lat' dir='ltr'>illum</span> <span class='ocrx_word' id='word_1_71' title='bbox 1808 1266 2066 1309; x_wconf 87' lang='lat' dir='ltr'>causam</span> <span class='ocrx_word' id='word_1_72' title='bbox 2102 1245 2396 1322; x_wconf 80' lang='lat' dir='ltr'>dicerem,</span> 
     </span>
    </p>
   </div>
   <div class='ocr_carea' id='block_1_13' title="bbox 705 1337 2552 1966">
    <p class='ocr_par' dir='ltr' id='par_1_13' title="bbox 709 1337 2474 1421">
     <span class='ocr_line' id='line_1_17' title="bbox 709 1337 2474 1421; baseline 0 -19"><span class='ocrx_word' id='word_1_73' title='bbox 709 1337 882 1420; x_wconf 81' lang='lat' dir='ltr'>Quoi</span> <span class='ocrx_word' id='word_1_74' title='bbox 909 1340 1208 1405; x_wconf 89' lang='lat' dir='ltr'>ueneram</span> <span class='ocrx_word' id='word_1_75' title='bbox 1236 1338 1621 1402; x_wconf 65' lang='lat' dir='ltr'>aduocetus?</span> <span class='ocrx_word' id='word_1_76' title='bbox 1651 1338 1764 1402; x_wconf 89' lang='lat' dir='ltr'>sed</span> <span class='ocrx_word' id='word_1_77' title='bbox 1783 1338 1936 1421; x_wconf 90' lang='lat' dir='ltr'>quid</span> <span class='ocrx_word' id='word_1_78' title='bbox 1962 1338 2104 1416; x_wconf 86' lang='lat' dir='ltr'>ista,</span> <span class='ocrx_word' id='word_1_79' title='bbox 2132 1338 2474 1415; x_wconf 76' lang='lat' dir='ltr'>Aeschine,</span> 
     </span>
    </p>

    <p class='ocr_par' dir='ltr' id='par_1_14' title="bbox 705 1431 2474 1572">
     <span class='ocr_line' id='line_1_18' title="bbox 705 1431 2474 1572; baseline -0.001 -75"><span class='ocrx_word' id='word_1_80' title='bbox 705 1432 977 1497; x_wconf 86' lang='lat' dir='ltr'>Nostra?</span> <span class='ocrx_word' id='word_1_81' title='bbox 1012 1433 1121 1496; x_wconf 75' lang='lat' dir='ltr'>aut</span> <span class='ocrx_word' id='word_1_82' title='bbox 1155 1431 1308 1515; x_wconf 92' lang='lat' dir='ltr'>quid</span> <span class='ocrx_word' id='word_1_83' title='bbox 1343 1431 1527 1572; x_wconf 50' lang='lat' dir='ltr'>nobi?</span> <span class='ocrx_word' id='word_1_84' title='bbox 1563 1454 1709 1497; x_wconf 90' lang='lat' dir='ltr'>cum</span> <span class='ocrx_word' id='word_1_85' title='bbox 1740 1432 1901 1496; x_wconf 83' lang='lat' dir='ltr'>illis?</span> <span class='ocrx_word' id='word_1_86' title='bbox 1937 1432 2255 1497; x_wconf 76' lang='lat' dir='ltr'>abeamus,</span> <span class='ocrx_word' id='word_1_87' title='bbox 2320 1433 2474 1516; x_wconf 90' lang='lat' dir='ltr'>quid</span> 
     </span>
    </p>

    <p class='ocr_par' dir='ltr' id='par_1_15' title="bbox 707 1536 2552 1792">
     <span class='ocr_line' id='line_1_19' title="bbox 707 1536 2552 1700; baseline -0.002 -17"><span class='ocrx_word' id='word_1_88' title='bbox 707 1620 882 1700; x_wconf 80' lang='lat' dir='ltr'>Quid</span> <span class='ocrx_word' id='word_1_89' title='bbox 933 1621 1284 1686; x_wconf 80' lang='lat' dir='ltr'>lacrumas?</span> <span class='ocrx_word' id='word_1_90' title='bbox 1370 1536 1508 1684; x_wconf 47' lang='lat' dir='ltr'>X}</span> <span class='ocrx_word' id='word_1_91' title='bbox 1556 1619 1781 1697; x_wconf 84' lang='lat' dir='ltr'>Pater,</span> <span class='ocrx_word' id='word_1_92' title='bbox 1835 1621 2116 1698; x_wconf 81' lang='lat' dir='ltr'>ebsecrO,</span> <span class='ocrx_word' id='word_1_93' title='bbox 2170 1620 2473 1686; x_wconf 84' lang='lat' dir='ltr'>ausculta.</span> <span class='ocrx_word' id='word_1_94' title='bbox 2501 1638 2552 1680; x_wconf 73' lang='lat'>45</span> 
     </span>
     <span class='ocr_line' id='line_1_20' title="bbox 1381 1713 2387 1792; baseline 0.001 -14"><span class='ocrx_word' id='word_1_95' title='bbox 1381 1714 1500 1779; x_wconf 91' lang='lat' dir='ltr'>M1.</span> <span class='ocrx_word' id='word_1_96' title='bbox 1548 1713 1889 1792; x_wconf 73' lang='lat' dir='ltr'>Aeschine,</span> <span class='ocrx_word' id='word_1_97' title='bbox 1926 1714 2144 1779; x_wconf 86' lang='lat' dir='ltr'>audiui</span> <span class='ocrx_word' id='word_1_98' title='bbox 2177 1715 2387 1779; x_wconf 84' lang='lat' dir='ltr'>emnia</span> 
     </span>
    </p>

    <p class='ocr_par' dir='ltr' id='par_1_16' title="bbox 705 1791 2475 1966">
     <span class='ocr_line' id='line_1_21' title="bbox 705 1791 2475 1966; baseline 0.001 -93"><span class='ocrx_word' id='word_1_99' title='bbox 705 1791 793 1873; x_wconf 72' lang='lat' dir='ltr'>Et</span> <span class='ocrx_word' id='word_1_100' title='bbox 827 1809 983 1885; x_wconf 88' lang='lat' dir='ltr'>scio;</span> <span class='ocrx_word' id='word_1_101' title='bbox 1018 1832 1167 1873; x_wconf 88' lang='lat' dir='ltr'>nam</span> <span class='ocrx_word' id='word_1_102' title='bbox 1203 1811 1264 1872; x_wconf 88' lang='lat' dir='ltr'>te</span> <span class='ocrx_word' id='word_1_103' title='bbox 1300 1831 1472 1923; x_wconf 74' lang='lat' dir='ltr'>amo:</span> <span class='ocrx_word' id='word_1_104' title='bbox 1509 1810 1874 1966; x_wconf 38' lang='lat' dir='ltr'>quo-finagis</span> <span class='ocrx_word' id='word_1_105' title='bbox 1909 1811 2073 1893; x_wconf 84' lang='lat' dir='ltr'>quae</span> <span class='ocrx_word' id='word_1_106' title='bbox 2110 1810 2247 1895; x_wconf 86' lang='lat' dir='ltr'>agis</span> <span class='ocrx_word' id='word_1_107' title='bbox 2284 1832 2475 1875; x_wconf 86' lang='lat' dir='ltr'>curae</span> 
     </span>
     <span class='ocr_line' id='line_1_22' title="bbox 1382 1912 1736 1966; baseline 0.003 -1"><span class='ocrx_word' id='word_1_108' title='bbox 1382 1912 1529 1966; x_wconf 82' lang='lat' dir='ltr'>sunt</span> <span class='ocrx_word' id='word_1_109' title='bbox 1561 1925 1649 1966; x_wconf 92' lang='lat' dir='ltr'>m1</span> <span class='ocrx_word' id='word_1_110' title='bbox 1695 1926 1736 1966; x_wconf 86' lang='lat'>1.</span> 
     </span>
    </p>
   </div>
   <div class='ocr_carea' id='block_1_14' title="bbox 642 1973 2475 2081">
    <p class='ocr_par' dir='ltr' id='par_1_17' title="bbox 642 1973 2475 2081">
     <span class='ocr_line' id='line_1_23' title="bbox 642 1973 2475 2081; baseline 0.002 -23"><span class='ocrx_word' id='word_1_111' title='bbox 642 2042 658 2058; x_wconf 93' lang='lat'><strong>.</strong></span> <span class='ocrx_word' id='word_1_112' title='bbox 704 1973 805 2059; x_wconf 66' lang='lat' dir='ltr'>ita</span> <span class='ocrx_word' id='word_1_113' title='bbox 846 1995 1038 2060; x_wconf 87' lang='lat' dir='ltr'>uelim</span> <span class='ocrx_word' id='word_1_114' title='bbox 1074 2019 1175 2061; x_wconf 91' lang='lat' dir='ltr'>me</span> <span class='ocrx_word' id='word_1_115' title='bbox 1212 1997 1673 2081; x_wconf 81' lang='lat' dir='ltr'>premerentem</span> <span class='ocrx_word' id='word_1_116' title='bbox 1709 1998 1902 2073; x_wconf 90' lang='lat' dir='ltr'>ames,</span> <span class='ocrx_word' id='word_1_117' title='bbox 1951 1996 2104 2060; x_wconf 90' lang='lat' dir='ltr'>dum</span> <span class='ocrx_word' id='word_1_118' title='bbox 2138 1996 2338 2074; x_wconf 82' lang='lat' dir='ltr'>uiuae,</span> <span class='ocrx_word' id='word_1_119' title='bbox 2384 2000 2475 2061; x_wconf 91' lang='lat' dir='ltr'>mi</span> 
     </span>
    </p>
   </div>
   <div class='ocr_carea' id='block_1_15' title="bbox 697 2101 2544 4137">
    <p class='ocr_par' dir='ltr' id='par_1_18' title="bbox 1381 2101 1581 2175">
     <span class='ocr_line' id='line_1_24' title="bbox 1381 2101 1581 2175; baseline 0.005 -21"><span class='ocrx_word' id='word_1_120' title='bbox 1381 2101 1581 2175; x_wconf 87' lang='lat' dir='ltr'>pater,</span> 
     </span>
    </p>

    <p class='ocr_par' dir='ltr' id='par_1_19' title="bbox 704 2164 2472 2343">
     <span class='ocr_line' id='line_1_25' title="bbox 704 2164 2472 2261; baseline 0.001 -14"><span class='ocrx_word' id='word_1_121' title='bbox 704 2164 796 2248; x_wconf 74' lang='lat' dir='ltr'>Vt</span> <span class='ocrx_word' id='word_1_122' title='bbox 847 2204 949 2249; x_wconf 75' lang='lat' dir='ltr'>me</span> <span class='ocrx_word' id='word_1_123' title='bbox 1004 2182 1124 2248; x_wconf 86' lang='lat' dir='ltr'>hoc</span> <span class='ocrx_word' id='word_1_124' title='bbox 1180 2182 1479 2249; x_wconf 75' lang='lat' dir='ltr'>delictum</span> <span class='ocrx_word' id='word_1_125' title='bbox 1531 2183 1859 2248; x_wconf 65' lang='lat' dir='ltr'>admisisse</span> <span class='ocrx_word' id='word_1_126' title='bbox 1905 2184 1972 2248; x_wconf 74' lang='lat' dir='ltr'>in</span> <span class='ocrx_word' id='word_1_127' title='bbox 2025 2205 2147 2261; x_wconf 74' lang='lat' dir='ltr'>me,</span> <span class='ocrx_word' id='word_1_128' title='bbox 2197 2184 2265 2249; x_wconf 73' lang='lat' dir='ltr'>id</span> <span class='ocrx_word' id='word_1_129' title='bbox 2315 2185 2472 2250; x_wconf 77' lang='lat' dir='ltr'>mihi</span> 
     </span>
     <span class='ocr_line' id='line_1_26' title="bbox 1382 2277 1995 2343; baseline -0.002 -1"><span class='ocrx_word' id='word_1_130' title='bbox 1382 2277 1790 2343; x_wconf 87' lang='lat' dir='ltr'>uehementer</span> <span class='ocrx_word' id='word_1_131' title='bbox 1826 2277 1995 2342; x_wconf 89' lang='lat' dir='ltr'>dolet</span> 
     </span>
    </p>

    <p class='ocr_par' dir='ltr' id='par_1_20' title="bbox 703 2355 2472 2552">
     <span class='ocr_line' id='line_1_27' title="bbox 703 2355 2472 2458; baseline 0.001 -21"><span class='ocrx_word' id='word_1_132' title='bbox 703 2355 791 2437; x_wconf 78' lang='lat' dir='ltr'>Et</span> <span class='ocrx_word' id='word_1_133' title='bbox 839 2394 942 2438; x_wconf 92' lang='lat' dir='ltr'>me</span> <span class='ocrx_word' id='word_1_134' title='bbox 993 2371 1087 2437; x_wconf 85' lang='lat' dir='ltr'>tui</span> <span class='ocrx_word' id='word_1_135' title='bbox 1140 2372 1353 2458; x_wconf 85' lang='lat' dir='ltr'>pudet.</span> <span class='ocrx_word' id='word_1_136' title='bbox 1443 2372 1561 2437; x_wconf 92' lang='lat' dir='ltr'>M1.</span> <span class='ocrx_word' id='word_1_137' title='bbox 1620 2369 1830 2437; x_wconf 89' lang='lat' dir='ltr'>Credo</span> <span class='ocrx_word' id='word_1_138' title='bbox 1885 2371 2123 2449; x_wconf 86' lang='lat' dir='ltr'>hercle3</span> <span class='ocrx_word' id='word_1_139' title='bbox 2175 2396 2324 2438; x_wconf 89' lang='lat' dir='ltr'>nam</span> <span class='ocrx_word' id='word_1_140' title='bbox 2373 2376 2472 2438; x_wconf 86' lang='lat' dir='ltr'>in·-</span> 
     </span>
     <span class='ocr_line' id='line_1_28' title="bbox 1380 2466 2035 2552; baseline -0.002 -21"><span class='ocrx_word' id='word_1_141' title='bbox 1380 2466 1639 2552; x_wconf 86' lang='lat' dir='ltr'>genium</span> <span class='ocrx_word' id='word_1_142' title='bbox 1673 2468 1825 2530; x_wconf 84' lang='lat' dir='ltr'>noui</span> <span class='ocrx_word' id='word_1_143' title='bbox 1860 2476 2035 2530; x_wconf 83' lang='lat' dir='ltr'>tuom</span> 
     </span>
    </p>

    <p class='ocr_par' dir='ltr' id='par_1_21' title="bbox 705 2560 2544 2646">
     <span class='ocr_line' id='line_1_29' title="bbox 705 2560 2544 2646; baseline -0.001 -22"><span class='ocrx_word' id='word_1_144' title='bbox 705 2560 1032 2637; x_wconf 85' lang='lat' dir='ltr'>Liberale3</span> <span class='ocrx_word' id='word_1_145' title='bbox 1070 2560 1182 2625; x_wconf 87' lang='lat' dir='ltr'>sed</span> <span class='ocrx_word' id='word_1_146' title='bbox 1218 2582 1441 2626; x_wconf 92' lang='lat' dir='ltr'>uereor</span> <span class='ocrx_word' id='word_1_147' title='bbox 1474 2584 1556 2625; x_wconf 89' lang='lat' dir='ltr'>ne</span> <span class='ocrx_word' id='word_1_148' title='bbox 1591 2560 1927 2646; x_wconf 84' lang='lat' dir='ltr'>indiligens</span> <span class='ocrx_word' id='word_1_149' title='bbox 1964 2560 2227 2625; x_wconf 75' lang='lat' dir='ltr'>nimium</span> <span class='ocrx_word' id='word_1_150' title='bbox 2263 2562 2404 2628; x_wconf 78' lang='lat' dir='ltr'>sies·</span> <span class='ocrx_word' id='word_1_151' title='bbox 2495 2580 2544 2622; x_wconf 69' lang='grc' dir='ltr'>σο</span> 
     </span>
    </p>

    <p class='ocr_par' dir='ltr' id='par_1_22' title="bbox 705 2635 2257 2740">
     <span class='ocr_line' id='line_1_30' title="bbox 705 2635 2257 2740; baseline 0 -21"><span class='ocrx_word' id='word_1_152' title='bbox 705 2635 785 2719; x_wconf 67' lang='lat' dir='ltr'>[n</span> <span class='ocrx_word' id='word_1_153' title='bbox 821 2677 947 2740; x_wconf 86' lang='lat' dir='ltr'>qua</span> <span class='ocrx_word' id='word_1_154' title='bbox 983 2654 1238 2719; x_wconf 73' lang='lat' dir='ltr'>ciuitate</span> <span class='ocrx_word' id='word_1_155' title='bbox 1274 2655 1530 2719; x_wconf 82' lang='lat' dir='ltr'>tandem</span> <span class='ocrx_word' id='word_1_156' title='bbox 1567 2665 1629 2719; x_wconf 86' lang='lat' dir='ltr'>te</span> <span class='ocrx_word' id='word_1_157' title='bbox 1663 2654 1969 2720; x_wconf 69' lang='lat' dir='ltr'>arbitrare</span> <span class='ocrx_word' id='word_1_158' title='bbox 2005 2657 2257 2719; x_wconf 87' lang='lat' dir='ltr'>uiuere?</span> 
     </span>
    </p>

    <p class='ocr_par' dir='ltr' id='par_1_23' title="bbox 703 2748 2464 2836">
     <span class='ocr_line' id='line_1_31' title="bbox 703 2748 2464 2836; baseline -0.001 -21"><span class='ocrx_word' id='word_1_159' title='bbox 703 2749 1038 2834; x_wconf 84' lang='lat' dir='ltr'>Virginem</span> <span class='ocrx_word' id='word_1_160' title='bbox 1064 2748 1321 2826; x_wconf 70' lang='lat' dir='ltr'>uitiasti,</span> <span class='ocrx_word' id='word_1_161' title='bbox 1359 2770 1553 2832; x_wconf 89' lang='lat' dir='ltr'>quam</span> <span class='ocrx_word' id='word_1_162' title='bbox 1579 2760 1642 2814; x_wconf 85' lang='lat' dir='ltr'>te</span> <span class='ocrx_word' id='word_1_163' title='bbox 1667 2750 1796 2814; x_wconf 83' lang='lat' dir='ltr'>nen</span> <span class='ocrx_word' id='word_1_164' title='bbox 1824 2749 1922 2813; x_wconf 91' lang='lat' dir='ltr'>ius</span> <span class='ocrx_word' id='word_1_165' title='bbox 1950 2748 2157 2814; x_wconf 82' lang='lat' dir='ltr'>fuerat</span> <span class='ocrx_word' id='word_1_166' title='bbox 2185 2752 2464 2836; x_wconf 66' lang='lat' dir='ltr'>tengere.</span> 
     </span>
    </p>

    <p class='ocr_par' dir='ltr' id='par_1_24' title="bbox 702 2842 2469 3002">
     <span class='ocr_line' id='line_1_32' title="bbox 702 2842 2469 2929; baseline 0.001 -21"><span class='ocrx_word' id='word_1_167' title='bbox 702 2843 842 2908; x_wconf 87' lang='lat' dir='ltr'>Iam</span> <span class='ocrx_word' id='word_1_168' title='bbox 882 2842 951 2907; x_wconf 91' lang='lat' dir='ltr'>id</span> <span class='ocrx_word' id='word_1_169' title='bbox 992 2854 1321 2929; x_wconf 86' lang='lat' dir='ltr'>peccatum</span> <span class='ocrx_word' id='word_1_170' title='bbox 1364 2844 1637 2929; x_wconf 90' lang='lat' dir='ltr'>primum</span> <span class='ocrx_word' id='word_1_171' title='bbox 1680 2865 2006 2928; x_wconf 83' lang='lat' dir='ltr'>magnum,</span> <span class='ocrx_word' id='word_1_172' title='bbox 2051 2845 2358 2929; x_wconf 75' lang='lat' dir='ltr'>mdqnum,</span> <span class='ocrx_word' id='word_1_173' title='bbox 2403 2856 2469 2910; x_wconf 89' lang='lat' dir='ltr'>at</span> 
     </span>
     <span class='ocr_line' id='line_1_33' title="bbox 1379 2937 2002 3002; baseline 0 -2"><span class='ocrx_word' id='word_1_174' title='bbox 1379 2937 1728 3001; x_wconf 75' lang='lat' dir='ltr'>humanum</span> <span class='ocrx_word' id='word_1_175' title='bbox 1764 2947 2002 3002; x_wconf 83' lang='lat' dir='ltr'>tamen:</span> 
     </span>
    </p>

    <p class='ocr_par' dir='ltr' id='par_1_25' title="bbox 701 3030 2467 3202">
     <span class='ocr_line' id='line_1_34' title="bbox 701 3030 2467 3116; baseline 0.001 -21"><span class='ocrx_word' id='word_1_176' title='bbox 701 3030 939 3097; x_wconf 88' lang='lat' dir='ltr'>Fecere</span> <span class='ocrx_word' id='word_1_177' title='bbox 1002 3030 1109 3095; x_wconf 84' lang='lat' dir='ltr'>alii</span> <span class='ocrx_word' id='word_1_178' title='bbox 1170 3032 1360 3116; x_wconf 87' lang='lat' dir='ltr'>saepe</span> <span class='ocrx_word' id='word_1_179' title='bbox 1422 3030 1577 3096; x_wconf 85' lang='lat' dir='ltr'>item</span> <span class='ocrx_word' id='word_1_180' title='bbox 1639 3031 1805 3095; x_wconf 90' lang='lat' dir='ltr'>boni.</span> <span class='ocrx_word' id='word_1_181' title='bbox 1893 3040 1959 3096; x_wconf 83' lang='lat' dir='ltr'>at</span> <span class='ocrx_word' id='word_1_182' title='bbox 2018 3032 2349 3116; x_wconf 82' lang='lat' dir='ltr'>pestquam</span> <span class='ocrx_word' id='word_1_183' title='bbox 2400 3032 2467 3097; x_wconf 92' lang='lat' dir='ltr'>id</span> 
     </span>
     <span class='ocr_line' id='line_1_35' title="bbox 1382 3125 1837 3202; baseline -0.004 -12"><span class='ocrx_word' id='word_1_184' title='bbox 1382 3127 1615 3202; x_wconf 87' lang='lat' dir='ltr'>euenit,</span> <span class='ocrx_word' id='word_1_185' title='bbox 1653 3125 1837 3190; x_wconf 84' lang='lat' dir='ltr'>cedo:</span> 
     </span>
    </p>

    <p class='ocr_par' dir='ltr' id='par_1_26' title="bbox 701 3218 2541 3396">
     <span class='ocr_line' id='line_1_36' title="bbox 701 3218 2541 3306; baseline -0.002 -23"><span class='ocrx_word' id='word_1_186' title='bbox 701 3218 765 3283; x_wconf 85' lang='lat' dir='ltr'>N</span> <span class='ocrx_word' id='word_1_187' title='bbox 765 3220 874 3282; x_wconf 70' lang='lat' dir='ltr'>lim</span> <span class='ocrx_word' id='word_1_188' title='bbox 908 3218 1063 3303; x_wconf 89' lang='lat' dir='ltr'>quid</span> <span class='ocrx_word' id='word_1_189' title='bbox 1098 3218 1579 3304; x_wconf 83' lang='lat' dir='ltr'>circumspexti?</span> <span class='ocrx_word' id='word_1_190' title='bbox 1623 3229 1733 3283; x_wconf 85' lang='lat' dir='ltr'>aut</span> <span class='ocrx_word' id='word_1_191' title='bbox 1775 3241 1927 3283; x_wconf 92' lang='lat' dir='ltr'>num</span> <span class='ocrx_word' id='word_1_192' title='bbox 1962 3218 2120 3303; x_wconf 90' lang='lat' dir='ltr'>quid</span> <span class='ocrx_word' id='word_1_193' title='bbox 2154 3218 2287 3285; x_wconf 77' lang='lat' dir='ltr'>tute</span> <span class='ocrx_word' id='word_1_194' title='bbox 2320 3242 2466 3306; x_wconf 85' lang='lat' dir='ltr'>pro·</span> <span class='ocrx_word' id='word_1_195' title='bbox 2492 3239 2541 3280; x_wconf 85' lang='lat'>55</span> 
     </span>
     <span class='ocr_line' id='line_1_37' title="bbox 1380 3313 1753 3396; baseline -0.003 -20"><span class='ocrx_word' id='word_1_196' title='bbox 1380 3314 1586 3396; x_wconf 86' lang='lat' dir='ltr'>spexti</span> <span class='ocrx_word' id='word_1_197' title='bbox 1619 3313 1753 3389; x_wconf 85' lang='lat' dir='ltr'>tibi,</span> 
     </span>
    </p>

    <p class='ocr_par' dir='ltr' id='par_1_27' title="bbox 704 3403 2465 3585">
     <span class='ocr_line' id='line_1_38' title="bbox 704 3403 2465 3492; baseline 0.002 -24"><span class='ocrx_word' id='word_1_198' title='bbox 704 3403 879 3486; x_wconf 78' lang='lat' dir='ltr'>Quid</span> <span class='ocrx_word' id='word_1_199' title='bbox 929 3404 1141 3470; x_wconf 87' lang='lat' dir='ltr'>fieret?</span> <span class='ocrx_word' id='word_1_200' title='bbox 1194 3427 1319 3489; x_wconf 87' lang='lat' dir='ltr'>qua</span> <span class='ocrx_word' id='word_1_201' title='bbox 1371 3406 1590 3471; x_wconf 88' lang='lat' dir='ltr'>fieret?</span> <span class='ocrx_word' id='word_1_202' title='bbox 1642 3407 1695 3470; x_wconf 87' lang='lat' dir='ltr'>si</span> <span class='ocrx_word' id='word_1_203' title='bbox 1744 3416 1809 3472; x_wconf 82' lang='lat' dir='ltr'>te</span> <span class='ocrx_word' id='word_1_204' title='bbox 1860 3406 1947 3471; x_wconf 92' lang='lat' dir='ltr'>mi</span> <span class='ocrx_word' id='word_1_205' title='bbox 1989 3407 2200 3492; x_wconf 70' lang='lat' dir='ltr'>Ipsum</span> <span class='ocrx_word' id='word_1_206' title='bbox 2241 3407 2465 3492; x_wconf 84' lang='lat' dir='ltr'>puduit</span> 
     </span>
     <span class='ocr_line' id='line_1_39' title="bbox 1377 3501 1688 3585; baseline 0.003 -21"><span class='ocrx_word' id='word_1_207' title='bbox 1377 3501 1688 3585; x_wconf 82' lang='lat' dir='ltr'>preloqui,</span> 
     </span>
    </p>

    <p class='ocr_par' dir='ltr' id='par_1_28' title="bbox 704 3593 2464 3756">
     <span class='ocr_line' id='line_1_40' title="bbox 704 3593 2464 3673; baseline 0.003 -16"><span class='ocrx_word' id='word_1_208' title='bbox 704 3593 853 3673; x_wconf 69' lang='lat' dir='ltr'>Que</span> <span class='ocrx_word' id='word_1_209' title='bbox 875 3594 1316 3661; x_wconf 86' lang='lat' dir='ltr'>resciscerem?</span> <span class='ocrx_word' id='word_1_210' title='bbox 1352 3595 1510 3659; x_wconf 89' lang='lat' dir='ltr'>haec</span> <span class='ocrx_word' id='word_1_211' title='bbox 1539 3595 1690 3659; x_wconf 90' lang='lat' dir='ltr'>dum</span> <span class='ocrx_word' id='word_1_212' title='bbox 1719 3594 1991 3673; x_wconf 82' lang='lat' dir='ltr'>dubitas,</span> <span class='ocrx_word' id='word_1_213' title='bbox 2018 3596 2267 3662; x_wconf 85' lang='lat' dir='ltr'>menses</span> <span class='ocrx_word' id='word_1_214' title='bbox 2294 3595 2464 3662; x_wconf 88' lang='lat' dir='ltr'>abie-</span> 
     </span>
     <span class='ocr_line' id='line_1_41' title="bbox 1378 3690 1799 3756; baseline -0.002 -2"><span class='ocrx_word' id='word_1_215' title='bbox 1378 3691 1526 3754; x_wconf 77' lang='lat' dir='ltr'>runt</span> <span class='ocrx_word' id='word_1_216' title='bbox 1562 3690 1799 3756; x_wconf 88' lang='lat' dir='ltr'>decem.</span> 
     </span>
    </p>

    <p class='ocr_par' dir='ltr' id='par_1_29' title="bbox 697 3783 2464 3962">
     <span class='ocr_line' id='line_1_42' title="bbox 697 3783 2464 3872; baseline 0.002 -24"><span class='ocrx_word' id='word_1_217' title='bbox 697 3783 1041 3848; x_wconf 81' lang='lat' dir='ltr'>Prodidisti</span> <span class='ocrx_word' id='word_1_218' title='bbox 1077 3794 1140 3848; x_wconf 85' lang='lat' dir='ltr'>et</span> <span class='ocrx_word' id='word_1_219' title='bbox 1173 3795 1234 3849; x_wconf 86' lang='lat' dir='ltr'>te</span> <span class='ocrx_word' id='word_1_220' title='bbox 1272 3787 1334 3849; x_wconf 84' lang='lat' dir='ltr'>et</span> <span class='ocrx_word' id='word_1_221' title='bbox 1358 3785 1533 3851; x_wconf 90' lang='lat' dir='ltr'>illam</span> <span class='ocrx_word' id='word_1_222' title='bbox 1561 3786 1856 3850; x_wconf 84' lang='lat' dir='ltr'>miseram</span> <span class='ocrx_word' id='word_1_223' title='bbox 1884 3795 1947 3852; x_wconf 85' lang='lat' dir='ltr'>et</span> <span class='ocrx_word' id='word_1_224' title='bbox 1973 3787 2257 3872; x_wconf 71' lang='lat' dir='ltr'>gnetum,</span> <span class='ocrx_word' id='word_1_225' title='bbox 2293 3787 2464 3870; x_wconf 91' lang='lat' dir='ltr'>quod</span> 
     </span>
     <span class='ocr_line' id='line_1_43' title="bbox 1379 3880 2008 3962; baseline 0.003 -19"><span class='ocrx_word' id='word_1_226' title='bbox 1379 3880 1636 3962; x_wconf 90' lang='lat' dir='ltr'>quidem</span> <span class='ocrx_word' id='word_1_227' title='bbox 1669 3880 1737 3945; x_wconf 93' lang='lat' dir='ltr'>in</span> <span class='ocrx_word' id='word_1_228' title='bbox 1771 3882 1833 3944; x_wconf 85' lang='lat' dir='ltr'>te</span> <span class='ocrx_word' id='word_1_229' title='bbox 1870 3880 2008 3945; x_wconf 85' lang='lat' dir='ltr'>fuit.</span> 
     </span>
    </p>

    <p class='ocr_par' dir='ltr' id='par_1_30' title="bbox 700 3971 2462 4137">
     <span class='ocr_line' id='line_1_44' title="bbox 700 3971 2462 4055; baseline 0.004 -20"><span class='ocrx_word' id='word_1_230' title='bbox 700 3971 909 4055; x_wconf 76' lang='lat' dir='ltr'>Quid?</span> <span class='ocrx_word' id='word_1_231' title='bbox 965 3972 1264 4043; x_wconf 85' lang='lat' dir='ltr'>credebas</span> <span class='ocrx_word' id='word_1_232' title='bbox 1318 3973 1648 4038; x_wconf 80' lang='lat' dir='ltr'>dormienti</span> <span class='ocrx_word' id='word_1_233' title='bbox 1702 3974 1858 4040; x_wconf 89' lang='lat' dir='ltr'>haec</span> <span class='ocrx_word' id='word_1_234' title='bbox 1911 3976 2024 4041; x_wconf 89' lang='lat' dir='ltr'>tibi</span> <span class='ocrx_word' id='word_1_235' title='bbox 2071 3974 2462 4042; x_wconf 77' lang='lat' dir='ltr'>confecturos</span> 
     </span>
     <span class='ocr_line' id='line_1_45' title="bbox 1375 4067 1564 4137; baseline -0.016 0"><span class='ocrx_word' id='word_1_236' title='bbox 1375 4067 1564 4137; x_wconf 85' lang='lat' dir='ltr'>deos?</span> 
     </span>
    </p>
   </div>
  </div>
 </body>
</html>
