<?xml version="1.0" encoding="UTF-8"?>
<!DOCTYPE html PUBLIC "-//W3C//DTD XHTML 1.0 Transitional//EN"
    "http://www.w3.org/TR/xhtml1/DTD/xhtml1-transitional.dtd">
<html xmlns="http://www.w3.org/1999/xhtml" xml:lang="en" lang="en">
 <head>
  <title>
</title>
<meta http-equiv="Content-Type" content="text/html;charset=utf-8" />
  <meta name='ocr-system' content='tesseract 3.04.00' />
  <meta name='ocr-capabilities' content='ocr_page ocr_carea ocr_par ocr_line ocrx_word'/>
</head>
<body>
  <div class='ocr_page' id='page_1' title='image "./pterentiafricom01dziagoog_0257.png"; bbox 0 0 2792 4617; ppageno 0'>
   <div class='ocr_carea' id='block_1_1' title="bbox 269 247 2306 336">
    <p class='ocr_par' dir='ltr' id='par_1_1' title="bbox 269 247 2306 336">
     <span class='ocr_line' id='line_1_1' title="bbox 269 247 2306 336; baseline -0.004 -14"><span class='ocrx_word' id='word_1_1' title='bbox 269 266 345 336; x_wconf 86' lang='lat' dir='ltr'>V,</span> <span class='ocrx_word' id='word_1_2' title='bbox 371 267 406 320; x_wconf 86' lang='grc'><strong>6</strong></span> <span class='ocrx_word' id='word_1_3' title='bbox 1159 262 1512 321; x_wconf 85' lang='grc' dir='ltr'><strong>ΡΗΟΒΜΙΟ</strong></span> <span class='ocrx_word' id='word_1_4' title='bbox 2187 247 2306 315; x_wconf 84' lang='grc'>187</span> 
     </span>
    </p>
   </div>
   <div class='ocr_carea' id='block_1_2' title="bbox 260 366 2454 4126">
    <p class='ocr_par' dir='ltr' id='par_1_2' title="bbox 260 366 2454 4126">
     <span class='ocr_line' id='line_1_2' title="bbox 288 366 2451 523; baseline -0.003 -71"><span class='ocrx_word' id='word_1_5' title='bbox 288 386 501 523; x_wconf 48' lang='lat' dir='ltr'>VAN.</span> <span class='ocrx_word' id='word_1_6' title='bbox 544 366 648 457; x_wconf 74' lang='lat' dir='ltr'>ita</span> <span class='ocrx_word' id='word_1_7' title='bbox 681 387 873 459; x_wconf 87' lang='lat' dir='ltr'>uelim</span> <span class='ocrx_word' id='word_1_8' title='bbox 882 412 901 466; x_wconf 84' lang='lat'>3</span> <span class='ocrx_word' id='word_1_9' title='bbox 938 387 1053 454; x_wconf 89' lang='lat' dir='ltr'>sed</span> <span class='ocrx_word' id='word_1_10' title='bbox 1087 390 1197 472; x_wconf 80' lang='lat' dir='ltr'>qui</span> <span class='ocrx_word' id='word_1_11' title='bbox 1229 387 1394 455; x_wconf 89' lang='lat' dir='ltr'>istuc</span> <span class='ocrx_word' id='word_1_12' title='bbox 1430 384 1681 454; x_wconf 87' lang='lat' dir='ltr'>credam</span> <span class='ocrx_word' id='word_1_13' title='bbox 1710 385 1799 451; x_wconf 85' lang='lat' dir='ltr'>ita</span> <span class='ocrx_word' id='word_1_14' title='bbox 1833 383 1974 453; x_wconf 69' lang='lat' dir='ltr'>esse</span> <span class='ocrx_word' id='word_1_15' title='bbox 2006 383 2164 451; x_wconf 88' lang='lat' dir='ltr'>mihi</span> <span class='ocrx_word' id='word_1_16' title='bbox 2190 385 2315 451; x_wconf 85' lang='lat' dir='ltr'>dici</span> <span class='ocrx_word' id='word_1_17' title='bbox 2347 388 2451 445; x_wconf 83' lang='lat'>855</span> 
     </span>
     <span class='ocr_line' id='line_1_3' title="bbox 1030 481 1449 555; baseline 0 -9"><span class='ocrx_word' id='word_1_18' title='bbox 1030 548 1037 555; x_wconf 69' lang='grc'><strong><em>,</em></strong></span> <span class='ocrx_word' id='word_1_19' title='bbox 1220 481 1449 549; x_wconf 83' lang='lat' dir='ltr'>uelim.·</span> 
     </span>
     <span class='ocr_line' id='line_1_4' title="bbox 375 573 2311 737; baseline -0.002 -94"><span class='ocrx_word' id='word_1_20' title='bbox 375 574 497 643; x_wconf 70' lang='lat' dir='ltr'>Gn.</span> <span class='ocrx_word' id='word_1_21' title='bbox 544 573 766 647; x_wconf 71' lang='lat' dir='ltr'>Satine</span> <span class='ocrx_word' id='word_1_22' title='bbox 819 585 916 651; x_wconf 87' lang='lat' dir='ltr'>est</span> <span class='ocrx_word' id='word_1_23' title='bbox 968 576 1022 642; x_wconf 86' lang='lat' dir='ltr'>si</span> <span class='ocrx_word' id='word_1_24' title='bbox 1074 587 1137 642; x_wconf 90' lang='lat' dir='ltr'>te</span> <span class='ocrx_word' id='word_1_25' title='bbox 1184 576 1536 737; x_wconf 49' lang='lat' dir='ltr'>dglibutum</span> <span class='ocrx_word' id='word_1_26' title='bbox 1590 574 1827 662; x_wconf 76' lang='lat' dir='ltr'>gaudio</span> <span class='ocrx_word' id='word_1_27' title='bbox 1878 573 2116 640; x_wconf 76' lang='lat' dir='ltr'>reddo?</span> <span class='ocrx_word' id='word_1_28' title='bbox 2184 574 2311 641; x_wconf 64' lang='lat' dir='ltr'>Aa.</span> 
     </span>
     <span class='ocr_line' id='line_1_5' title="bbox 1281 693 1477 735; baseline -0.005 0"><span class='ocrx_word' id='word_1_29' title='bbox 1281 693 1477 735; x_wconf 87' lang='lat' dir='ltr'>n1cas.</span> 
     </span>
     <span class='ocr_line' id='line_1_6' title="bbox 368 761 2312 851; baseline -0.002 -21"><span class='ocrx_word' id='word_1_30' title='bbox 368 764 490 830; x_wconf 69' lang='lat' dir='ltr'>Pu.</span> <span class='ocrx_word' id='word_1_31' title='bbox 538 761 714 845; x_wconf 75' lang='lat' dir='ltr'>Quin</span> <span class='ocrx_word' id='word_1_32' title='bbox 763 774 836 831; x_wconf 80' lang='lat' dir='ltr'>tu</span> <span class='ocrx_word' id='word_1_33' title='bbox 884 763 1034 830; x_wconf 85' lang='lat' dir='ltr'>hinc</span> <span class='ocrx_word' id='word_1_34' title='bbox 1084 764 1570 851; x_wconf 58' lang='lat' dir='ltr'>pollicitationes</span> <span class='ocrx_word' id='word_1_35' title='bbox 1619 763 1803 829; x_wconf 67' lang='lat' dir='ltr'>alifer</span> <span class='ocrx_word' id='word_1_36' title='bbox 1852 773 1918 829; x_wconf 82' lang='lat' dir='ltr'>et</span> <span class='ocrx_word' id='word_1_37' title='bbox 1959 762 2133 848; x_wconf 86' lang='lat' dir='ltr'>quod</span> <span class='ocrx_word' id='word_1_38' title='bbox 2182 762 2312 827; x_wconf 80' lang='lat' dir='ltr'>fers</span> 
     </span>
     <span class='ocr_line' id='line_1_7' title="bbox 1223 855 1781 935; baseline -0.007 -10"><span class='ocrx_word' id='word_1_39' title='bbox 1223 859 1400 925; x_wconf 75' lang='lat' dir='ltr'>cedo·</span> <span class='ocrx_word' id='word_1_40' title='bbox 1491 856 1611 924; x_wconf 75' lang='lat' dir='ltr'>Gn.</span> <span class='ocrx_word' id='word_1_41' title='bbox 1650 855 1781 935; x_wconf 92' lang='lat' dir='ltr'>Oh,</span> 
     </span>
     <span class='ocr_line' id='line_1_8' title="bbox 514 951 2311 1038; baseline -0.002 -19"><span class='ocrx_word' id='word_1_42' title='bbox 514 952 647 1019; x_wconf 71' lang='grc' dir='ltr'>’Τά</span> <span class='ocrx_word' id='word_1_43' title='bbox 672 972 927 1038; x_wconf 88' lang='lat' dir='ltr'>quoque</span> <span class='ocrx_word' id='word_1_44' title='bbox 954 953 1199 1031; x_wconf 87' lang='lat' dir='ltr'>aderas,</span> <span class='ocrx_word' id='word_1_45' title='bbox 1234 951 1578 1018; x_wconf 79' lang='lat' dir='ltr'>Phormio?</span> <span class='ocrx_word' id='word_1_46' title='bbox 1715 1003 1730 1017; x_wconf 87' lang='lat'><strong>.</strong></span> <span class='ocrx_word' id='word_1_47' title='bbox 1750 951 2053 1016; x_wconf 79' lang='lat' dir='ltr'><strong>Aderam.</strong></span> <span class='ocrx_word' id='word_1_48' title='bbox 2100 951 2212 1016; x_wconf 79' lang='lat' dir='ltr'>sed</span> <span class='ocrx_word' id='word_1_49' title='bbox 2239 962 2311 1016; x_wconf 93' lang='lat' dir='ltr'>tu</span> 
     </span>
     <span class='ocr_line' id='line_1_9' title="bbox 1218 1046 2129 1131; baseline -0.001 -19"><span class='ocrx_word' id='word_1_50' title='bbox 1218 1047 1469 1113; x_wconf 79' lang='lat' dir='ltr'>cessas?</span> <span class='ocrx_word' id='word_1_51' title='bbox 1604 1070 1662 1111; x_wconf 71' lang='lat' dir='ltr'>a.</span> <span class='ocrx_word' id='word_1_52' title='bbox 1767 1046 1963 1131; x_wconf 90' lang='lat' dir='ltr'>ccipe,</span> <span class='ocrx_word' id='word_1_53' title='bbox 2001 1067 2129 1111; x_wconf 88' lang='lat' dir='ltr'>em:</span> 
     </span>
     <span class='ocr_line' id='line_1_10' title="bbox 539 1120 2308 1228; baseline -0.002 -20"><span class='ocrx_word' id='word_1_54' title='bbox 539 1120 633 1208; x_wconf 63' lang='lat' dir='ltr'>Vt</span> <span class='ocrx_word' id='word_1_55' title='bbox 683 1141 872 1207; x_wconf 87' lang='lat' dir='ltr'>modo</span> <span class='ocrx_word' id='word_1_56' title='bbox 923 1142 1258 1228; x_wconf 78' lang='lat' dir='ltr'>argeutum</span> <span class='ocrx_word' id='word_1_57' title='bbox 1319 1141 1437 1211; x_wconf 86' lang='lat' dir='ltr'>tibi</span> <span class='ocrx_word' id='word_1_58' title='bbox 1543 1140 1788 1206; x_wconf 84' lang='lat' dir='ltr'>edimus</span> <span class='ocrx_word' id='word_1_59' title='bbox 1846 1140 2017 1226; x_wconf 75' lang='lat' dir='ltr'>apud</span> <span class='ocrx_word' id='word_1_60' title='bbox 2078 1137 2308 1217; x_wconf 86' lang='lat' dir='ltr'>forum,</span> 
     </span>
     <span class='ocr_line' id='line_1_11' title="bbox 1220 1235 1689 1300; baseline -0.002 0"><span class='ocrx_word' id='word_1_61' title='bbox 1220 1237 1394 1300; x_wconf 72' lang='lat' dir='ltr'>recta</span> <span class='ocrx_word' id='word_1_62' title='bbox 1430 1235 1689 1299; x_wconf 92' lang='lat' dir='ltr'>domum</span> 
     </span>
     <span class='ocr_line' id='line_1_12' title="bbox 291 1326 2447 1415; baseline -0.005 -19"><span class='ocrx_word' id='word_1_63' title='bbox 291 1346 346 1386; x_wconf 78' lang='lat'>20</span> <span class='ocrx_word' id='word_1_64' title='bbox 543 1326 783 1395; x_wconf 74' lang='lat' dir='ltr'>Sumus</span> <span class='ocrx_word' id='word_1_65' title='bbox 809 1328 1076 1415; x_wconf 81' lang='lat' dir='ltr'>profecti</span> <span class='ocrx_word' id='word_1_66' title='bbox 1084 1353 1104 1408; x_wconf 85' lang='lat'>3</span> <span class='ocrx_word' id='word_1_67' title='bbox 1138 1328 1381 1395; x_wconf 79' lang='lat' dir='ltr'>interea</span> <span class='ocrx_word' id='word_1_68' title='bbox 1407 1329 1597 1395; x_wconf 85' lang='lat' dir='ltr'>mittit</span> <span class='ocrx_word' id='word_1_69' title='bbox 1631 1329 1775 1393; x_wconf 78' lang='lat' dir='ltr'>erus</span> <span class='ocrx_word' id='word_1_70' title='bbox 1802 1349 1905 1394; x_wconf 89' lang='lat' dir='ltr'>me</span> <span class='ocrx_word' id='word_1_71' title='bbox 1931 1328 2017 1393; x_wconf 87' lang='lat' dir='ltr'>ad</span> <span class='ocrx_word' id='word_1_72' title='bbox 2045 1327 2309 1392; x_wconf 75' lang='lat' dir='ltr'>uxorem</span> <span class='ocrx_word' id='word_1_73' title='bbox 2342 1330 2447 1386; x_wconf 87' lang='lat'>860</span> 
     </span>
     <span class='ocr_line' id='line_1_13' title="bbox 1219 1435 1414 1488; baseline 0 0"><span class='ocrx_word' id='word_1_74' title='bbox 1219 1435 1414 1488; x_wconf 87' lang='lat' dir='ltr'>tuam.</span> 
     </span>
     <span class='ocr_line' id='line_1_14' title="bbox 371 1515 2311 1602; baseline -0.002 -19"><span class='ocrx_word' id='word_1_75' title='bbox 371 1515 498 1583; x_wconf 73' lang='grc' dir='ltr'>ΑΝ.</span> <span class='ocrx_word' id='word_1_76' title='bbox 543 1516 757 1599; x_wconf 76' lang='lat' dir='ltr'>Quam</span> <span class='ocrx_word' id='word_1_77' title='bbox 791 1517 876 1583; x_wconf 76' lang='lat' dir='ltr'>ob</span> <span class='ocrx_word' id='word_1_78' title='bbox 909 1517 1081 1584; x_wconf 79' lang='lat' dir='ltr'>rem?</span> <span class='ocrx_word' id='word_1_79' title='bbox 1125 1516 1250 1585; x_wconf 74' lang='lat' dir='ltr'>Gn.</span> <span class='ocrx_word' id='word_1_80' title='bbox 1280 1515 1529 1582; x_wconf 82' lang='lat' dir='ltr'><strong>Omitto</strong></span> <span class='ocrx_word' id='word_1_81' title='bbox 1563 1516 1849 1602; x_wconf 68' lang='lat' dir='ltr'>preloqui</span> <span class='ocrx_word' id='word_1_82' title='bbox 1859 1541 1877 1594; x_wconf 86' lang='lat'><em>3</em></span> <span class='ocrx_word' id='word_1_83' title='bbox 1922 1539 2069 1581; x_wconf 87' lang='lat' dir='ltr'>nam</span> <span class='ocrx_word' id='word_1_84' title='bbox 2104 1516 2193 1580; x_wconf 85' lang='lat' dir='ltr'>nss</span> <span class='ocrx_word' id='word_1_85' title='bbox 2228 1516 2311 1581; x_wconf 87' lang='lat' dir='ltr'>ad</span> 
     </span>
     <span class='ocr_line' id='line_1_15' title="bbox 1217 1592 2067 1695; baseline 0 -20"><span class='ocrx_word' id='word_1_86' title='bbox 1217 1610 1380 1676; x_wconf 87' lang='lat' dir='ltr'>hanc</span> <span class='ocrx_word' id='word_1_87' title='bbox 1413 1633 1546 1676; x_wconf 89' lang='lat' dir='ltr'>rem</span> <span class='ocrx_word' id='word_1_88' title='bbox 1594 1622 1716 1687; x_wconf 89' lang='lat' dir='ltr'>est,</span> <span class='ocrx_word' id='word_1_89' title='bbox 1760 1592 2067 1695; x_wconf 74' lang='lat' dir='ltr'>Antipho,</span> 
     </span>
     <span class='ocr_line' id='line_1_16' title="bbox 540 1682 2310 1791; baseline -0.002 -21"><span class='ocrx_word' id='word_1_90' title='bbox 540 1682 673 1770; x_wconf 68' lang='lat' dir='ltr'>Vbi</span> <span class='ocrx_word' id='word_1_91' title='bbox 713 1705 782 1769; x_wconf 91' lang='lat' dir='ltr'>in</span> <span class='ocrx_word' id='word_1_92' title='bbox 832 1726 1227 1791; x_wconf 81' lang='lat' dir='ltr'>gynaeceum</span> <span class='ocrx_word' id='word_1_93' title='bbox 1266 1707 1361 1771; x_wconf 87' lang='lat' dir='ltr'>ire</span> <span class='ocrx_word' id='word_1_94' title='bbox 1404 1704 1666 1790; x_wconf 89' lang='lat' dir='ltr'>occipio,</span> <span class='ocrx_word' id='word_1_95' title='bbox 1718 1704 1878 1789; x_wconf 77' lang='lat' dir='ltr'>puer</span> <span class='ocrx_word' id='word_1_96' title='bbox 1927 1703 2010 1768; x_wconf 87' lang='lat' dir='ltr'>ad</span> <span class='ocrx_word' id='word_1_97' title='bbox 2050 1726 2155 1769; x_wconf 90' lang='lat' dir='ltr'>me</span> <span class='ocrx_word' id='word_1_98' title='bbox 2196 1703 2310 1769; x_wconf 89' lang='lat' dir='ltr'>ad-</span> 
     </span>
     <span class='ocr_line' id='line_1_17' title="bbox 1222 1799 1653 1876; baseline -0.007 -11"><span class='ocrx_word' id='word_1_99' title='bbox 1222 1801 1416 1865; x_wconf 81' lang='lat' dir='ltr'>currit</span> <span class='ocrx_word' id='word_1_100' title='bbox 1448 1799 1653 1876; x_wconf 85' lang='lat' dir='ltr'><strong>Mida,</strong></span> 
     </span>
     <span class='ocr_line' id='line_1_18' title="bbox 540 1891 2152 1980; baseline -0.001 -22"><span class='ocrx_word' id='word_1_101' title='bbox 540 1891 716 1958; x_wconf 77' lang='lat' dir='ltr'>Pone</span> <span class='ocrx_word' id='word_1_102' title='bbox 744 1893 1002 1979; x_wconf 82' lang='lat' dir='ltr'>prendit</span> <span class='ocrx_word' id='word_1_103' title='bbox 1036 1893 1248 1980; x_wconf 73' lang='lat' dir='ltr'>pallio,</span> <span class='ocrx_word' id='word_1_104' title='bbox 1283 1896 1632 1979; x_wconf 80' lang='lat' dir='ltr'>resupinat:</span> <span class='ocrx_word' id='word_1_105' title='bbox 1676 1892 1960 1978; x_wconf 74' lang='lat' dir='ltr'>respicio,</span> <span class='ocrx_word' id='word_1_106' title='bbox 1995 1914 2152 1978; x_wconf 86' lang='lat' dir='ltr'>rogo</span> 
     </span>
     <span class='ocr_line' id='line_1_19' title="bbox 543 1984 2309 2067; baseline -0.001 -16"><span class='ocrx_word' id='word_1_107' title='bbox 543 1984 756 2067; x_wconf 76' lang='lat' dir='ltr'>Quam</span> <span class='ocrx_word' id='word_1_108' title='bbox 791 1987 873 2051; x_wconf 79' lang='lat' dir='ltr'>ob</span> <span class='ocrx_word' id='word_1_109' title='bbox 908 2009 1043 2052; x_wconf 91' lang='lat' dir='ltr'>rem</span> <span class='ocrx_word' id='word_1_110' title='bbox 1078 1988 1345 2054; x_wconf 73' lang='lat' dir='ltr'>retineat</span> <span class='ocrx_word' id='word_1_111' title='bbox 1378 2011 1510 2053; x_wconf 84' lang='lat' dir='ltr'>me:</span> <span class='ocrx_word' id='word_1_112' title='bbox 1546 1987 1634 2052; x_wconf 86' lang='lat' dir='ltr'>ait</span> <span class='ocrx_word' id='word_1_113' title='bbox 1670 2009 1808 2052; x_wconf 92' lang='lat' dir='ltr'>esse</span> <span class='ocrx_word' id='word_1_114' title='bbox 1841 1987 2109 2053; x_wconf 77' lang='lat' dir='ltr'>uetitum</span> <span class='ocrx_word' id='word_1_115' title='bbox 2142 1986 2309 2051; x_wconf 85' lang='lat' dir='ltr'>intro</span> 
     </span>
     <span class='ocr_line' id='line_1_20' title="bbox 260 2082 1868 2147; baseline -0.001 0"><span class='ocrx_word' id='word_1_116' title='bbox 260 2116 269 2147; x_wconf 90' lang='grc'>-,</span> <span class='ocrx_word' id='word_1_117' title='bbox 757 2100 763 2107; x_wconf 82' lang='grc'><strong><em>’</em></strong></span> <span class='ocrx_word' id='word_1_118' title='bbox 1108 2100 1117 2107; x_wconf 81' lang='grc'><em>·</em></span> <span class='ocrx_word' id='word_1_119' title='bbox 1221 2082 1306 2147; x_wconf 91' lang='lat' dir='ltr'>ad</span> <span class='ocrx_word' id='word_1_120' title='bbox 1339 2104 1514 2147; x_wconf 87' lang='lat' dir='ltr'>eram</span> <span class='ocrx_word' id='word_1_121' title='bbox 1549 2082 1868 2147; x_wconf 77' lang='lat' dir='ltr'>accedere.</span> 
     </span>
     <span class='ocr_line' id='line_1_21' title="bbox 295 2173 2445 2261; baseline -0.003 -19"><span class='ocrx_word' id='word_1_122' title='bbox 295 2191 349 2232; x_wconf 78' lang='lat'>2⁶</span> <span class='ocrx_word' id='word_1_123' title='bbox 545 2173 911 2261; x_wconf 75' lang='lat' dir='ltr'>‘Sophrona</span> <span class='ocrx_word' id='word_1_124' title='bbox 945 2176 1136 2241; x_wconf 92' lang='lat' dir='ltr'>modo</span> <span class='ocrx_word' id='word_1_125' title='bbox 1168 2176 1432 2241; x_wconf 71' lang='lat' dir='ltr'>fratrem</span> <span class='ocrx_word' id='word_1_126' title='bbox 1465 2176 1619 2242; x_wconf 88' lang='lat' dir='ltr'>huc&#39;</span> <span class='ocrx_word' id='word_1_127' title='bbox 1654 2176 1860 2259; x_wconf 87' lang='lat' dir='ltr'>inquit</span> <span class='ocrx_word' id='word_1_128' title='bbox 1896 2175 2090 2241; x_wconf 78' lang='lat' dir='ltr'>‘senis</span> <span class='ocrx_word' id='word_1_129' title='bbox 2114 2175 2310 2239; x_wconf 88' lang='lat' dir='ltr'>intro·</span> <span class='ocrx_word' id='word_1_130' title='bbox 2341 2179 2445 2235; x_wconf 84' lang='lat'>865</span> 
     </span>
     <span class='ocr_line' id='line_1_22' title="bbox 1222 2267 1839 2349; baseline -0.002 -13"><span class='ocrx_word' id='word_1_131' title='bbox 1222 2270 1403 2336; x_wconf 86' lang='lat' dir='ltr'>duxit</span> <span class='ocrx_word' id='word_1_132' title='bbox 1440 2267 1839 2349; x_wconf 86' lang='lat' dir='ltr'>Chremem’3</span> 
     </span>
     <span class='ocr_line' id='line_1_23' title="bbox 543 2362 2307 2450; baseline 0 -22"><span class='ocrx_word' id='word_1_133' title='bbox 543 2362 841 2449; x_wconf 77' lang='lat' dir='ltr'>Eumque</span> <span class='ocrx_word' id='word_1_134' title='bbox 875 2387 1046 2431; x_wconf 90' lang='lat' dir='ltr'>nunc</span> <span class='ocrx_word' id='word_1_135' title='bbox 1079 2387 1219 2431; x_wconf 90' lang='lat' dir='ltr'>esse</span> <span class='ocrx_word' id='word_1_136' title='bbox 1253 2365 1425 2429; x_wconf 81' lang='lat' dir='ltr'>intus</span> <span class='ocrx_word' id='word_1_137' title='bbox 1472 2386 1617 2429; x_wconf 90' lang='lat' dir='ltr'>cum</span> <span class='ocrx_word' id='word_1_138' title='bbox 1659 2364 1801 2429; x_wconf 86' lang='lat' dir='ltr'>illis.</span> <span class='ocrx_word' id='word_1_139' title='bbox 1870 2364 1989 2431; x_wconf 75' lang='lat' dir='ltr'>hoc</span> <span class='ocrx_word' id='word_1_140' title='bbox 2030 2363 2143 2429; x_wconf 89' lang='lat' dir='ltr'>ubi</span> <span class='ocrx_word' id='word_1_141' title='bbox 2186 2385 2307 2450; x_wconf 87' lang='lat' dir='ltr'>ego</span> 
     </span>
     <span class='ocr_line' id='line_1_24' title="bbox 1221 2458 1779 2535; baseline 0 -12"><span class='ocrx_word' id='word_1_142' title='bbox 1221 2458 1459 2535; x_wconf 88' lang='lat' dir='ltr'>audiui,</span> <span class='ocrx_word' id='word_1_143' title='bbox 1493 2459 1577 2523; x_wconf 75' lang='lat' dir='ltr'>ad</span> <span class='ocrx_word' id='word_1_144' title='bbox 1611 2459 1779 2523; x_wconf 87' lang='lat' dir='ltr'>fores</span> 
     </span>
     <span class='ocr_line' id='line_1_25' title="bbox 548 2551 2308 2640; baseline -0.001 -22"><span class='ocrx_word' id='word_1_145' title='bbox 548 2551 870 2638; x_wconf 78' lang='lat' dir='ltr'>Suspenso</span> <span class='ocrx_word' id='word_1_146' title='bbox 905 2553 1111 2640; x_wconf 74' lang='lat' dir='ltr'>gradu</span> <span class='ocrx_word' id='word_1_147' title='bbox 1136 2553 1381 2639; x_wconf 86' lang='lat' dir='ltr'>placide</span> <span class='ocrx_word' id='word_1_148' title='bbox 1408 2553 1499 2618; x_wconf 91' lang='lat' dir='ltr'>ire</span> <span class='ocrx_word' id='word_1_149' title='bbox 1524 2553 1792 2638; x_wconf 75' lang='lat' dir='ltr'>perrexi,</span> <span class='ocrx_word' id='word_1_150' title='bbox 1829 2552 2084 2630; x_wconf 85' lang='lat' dir='ltr'>accessi,</span> <span class='ocrx_word' id='word_1_151' title='bbox 2119 2551 2308 2629; x_wconf 74' lang='lat' dir='ltr'>astiti,</span> 
     </span>
     <span class='ocr_line' id='line_1_26' title="bbox 478 2629 2310 2734; baseline -0.001 -21"><span class='ocrx_word' id='word_1_152' title='bbox 478 2660 487 2667; x_wconf 85' lang='grc'><strong>’</strong></span> <span class='ocrx_word' id='word_1_153' title='bbox 545 2629 850 2713; x_wconf 76' lang='lat' dir='ltr'>Animam</span> <span class='ocrx_word' id='word_1_154' title='bbox 895 2648 1258 2734; x_wconf 88' lang='lat' dir='ltr'>compressi,</span> <span class='ocrx_word' id='word_1_155' title='bbox 1303 2649 1519 2713; x_wconf 75' lang='lat' dir='ltr'>aurem</span> <span class='ocrx_word' id='word_1_156' title='bbox 1563 2647 1845 2713; x_wconf 80' lang='lat' dir='ltr'>admoui:</span> <span class='ocrx_word' id='word_1_157' title='bbox 1895 2647 1987 2713; x_wconf 87' lang='lat' dir='ltr'>ita</span> <span class='ocrx_word' id='word_1_158' title='bbox 2028 2647 2310 2711; x_wconf 74' lang='lat' dir='ltr'>animum</span> 
     </span>
     <span class='ocr_line' id='line_1_27' title="bbox 1225 2742 1784 2829; baseline -0.002 -21"><span class='ocrx_word' id='word_1_159' title='bbox 1225 2742 1405 2829; x_wconf 89' lang='lat' dir='ltr'>coepi</span> <span class='ocrx_word' id='word_1_160' title='bbox 1441 2742 1784 2820; x_wconf 78' lang='lat' dir='ltr'>attendere,</span> 
     </span>
     <span class='ocr_line' id='line_1_28' title="bbox 545 2834 2310 2922; baseline -0.001 -21"><span class='ocrx_word' id='word_1_161' title='bbox 545 2838 688 2902; x_wconf 79' lang='lat' dir='ltr'>Hoc</span> <span class='ocrx_word' id='word_1_162' title='bbox 738 2836 929 2902; x_wconf 92' lang='lat' dir='ltr'>modo</span> <span class='ocrx_word' id='word_1_163' title='bbox 980 2837 1330 2903; x_wconf 79' lang='lat' dir='ltr'>sermonem</span> <span class='ocrx_word' id='word_1_164' title='bbox 1383 2847 1665 2922; x_wconf 86' lang='lat' dir='ltr'>captans.</span> <span class='ocrx_word' id='word_1_165' title='bbox 1758 2837 1879 2902; x_wconf 80' lang='grc' dir='ltr'>ΡΗ.</span> <span class='ocrx_word' id='word_1_166' title='bbox 1932 2835 2066 2913; x_wconf 79' lang='lat' dir='ltr'>Eu,</span> <span class='ocrx_word' id='word_1_167' title='bbox 2124 2834 2310 2902; x_wconf 87' lang='lat' dir='ltr'>Geta.</span> 
     </span>
     <span class='ocr_line' id='line_1_29' title="bbox 388 2928 2046 3017; baseline -0.003 -18"><span class='ocrx_word' id='word_1_168' title='bbox 388 2990 397 2999; x_wconf 90' lang='lat'><strong>.</strong></span> <span class='ocrx_word' id='word_1_169' title='bbox 915 3009 917 3012; x_wconf 10' lang='grc' dir='ltr'><em>Α</em></span> <span class='ocrx_word' id='word_1_170' title='bbox 1229 2928 1350 2997; x_wconf 71' lang='lat' dir='ltr'>Gn.</span> <span class='ocrx_word' id='word_1_171' title='bbox 1390 2931 1519 2995; x_wconf 91' lang='lat' dir='ltr'>Hic</span> <span class='ocrx_word' id='word_1_172' title='bbox 1553 2930 2046 3017; x_wconf 72' lang='lat' dir='ltr'>pulcherrimum</span> 
     </span>
     <span class='ocr_line' id='line_1_30' title="bbox 298 3024 2450 3111; baseline -0 -27"><span class='ocrx_word' id='word_1_173' title='bbox 298 3043 353 3084; x_wconf 75' lang='lat' dir='ltr'>ao</span> <span class='ocrx_word' id='word_1_174' title='bbox 544 3024 824 3090; x_wconf 74' lang='lat' dir='ltr'>Facinus</span> <span class='ocrx_word' id='word_1_175' title='bbox 876 3025 1122 3091; x_wconf 82' lang='lat' dir='ltr'>audiui:</span> <span class='ocrx_word' id='word_1_176' title='bbox 1176 3027 1392 3109; x_wconf 82' lang='lat' dir='ltr'>itaque</span> <span class='ocrx_word' id='word_1_177' title='bbox 1444 3046 1645 3111; x_wconf 89' lang='lat' dir='ltr'>paene</span> <span class='ocrx_word' id='word_1_178' title='bbox 1697 3025 1907 3091; x_wconf 88' lang='lat' dir='ltr'>hercle</span> <span class='ocrx_word' id='word_1_179' title='bbox 1960 3024 2312 3090; x_wconf 77' lang='lat' dir='ltr'>exclamaui</span> <span class='ocrx_word' id='word_1_180' title='bbox 2346 3029 2450 3084; x_wconf 80' lang='grc'>870</span> 
     </span>
     <span class='ocr_line' id='line_1_31' title="bbox 1223 3118 1482 3206; baseline -0.004 -22"><span class='ocrx_word' id='word_1_181' title='bbox 1223 3118 1482 3206; x_wconf 74' lang='lat' dir='ltr'>gaudio.</span> 
     </span>
     <span class='ocr_line' id='line_1_32' title="bbox 379 3210 2312 3295; baseline 0.001 -18"><span class='ocrx_word' id='word_1_182' title='bbox 379 3213 504 3279; x_wconf 66' lang='lat' dir='ltr'>Ax.</span> <span class='ocrx_word' id='word_1_183' title='bbox 552 3211 778 3293; x_wconf 64' lang='lat' dir='ltr'>Quod?</span> <span class='ocrx_word' id='word_1_184' title='bbox 860 3210 984 3280; x_wconf 73' lang='lat' dir='ltr'>Gn.</span> <span class='ocrx_word' id='word_1_185' title='bbox 1039 3211 1233 3295; x_wconf 82' lang='lat' dir='ltr'>Quod</span> <span class='ocrx_word' id='word_1_186' title='bbox 1284 3237 1434 3279; x_wconf 85' lang='lat' dir='ltr'>nam</span> <span class='ocrx_word' id='word_1_187' title='bbox 1481 3213 1826 3278; x_wconf 71' lang='lat' dir='ltr'>arbitrare?</span> <span class='ocrx_word' id='word_1_188' title='bbox 1893 3213 2016 3280; x_wconf 66' lang='lat' dir='ltr'>Ax.</span> <span class='ocrx_word' id='word_1_189' title='bbox 2062 3213 2312 3280; x_wconf 78' lang='lat' dir='ltr'>Nescio,</span> 
     </span>
     <span class='ocr_line' id='line_1_33' title="bbox 1211 3289 2168 3391; baseline 0 -18"><span class='ocrx_word' id='word_1_190' title='bbox 1211 3305 1335 3373; x_wconf 73' lang='lat' dir='ltr'>Gn.</span> <span class='ocrx_word' id='word_1_191' title='bbox 1371 3289 1576 3391; x_wconf 75' lang='lat' dir='ltr'>Atqui</span> <span class='ocrx_word' id='word_1_192' title='bbox 1610 3308 2168 3373; x_wconf 83' lang='lat' dir='ltr'>mirificissumum:</span> 
     </span>
     <span class='ocr_line' id='line_1_34' title="bbox 547 3400 2316 3487; baseline 0 -20"><span class='ocrx_word' id='word_1_193' title='bbox 547 3400 821 3467; x_wconf 75' lang='lat' dir='ltr'>Patruos</span> <span class='ocrx_word' id='word_1_194' title='bbox 881 3411 1025 3467; x_wconf 87' lang='lat' dir='ltr'>tuos</span> <span class='ocrx_word' id='word_1_195' title='bbox 1087 3412 1181 3467; x_wconf 86' lang='lat' dir='ltr'>est</span> <span class='ocrx_word' id='word_1_196' title='bbox 1233 3405 1414 3487; x_wconf 74' lang='lat' dir='ltr'>pater</span> <span class='ocrx_word' id='word_1_197' title='bbox 1472 3402 1767 3467; x_wconf 89' lang='lat' dir='ltr'>inuentus</span> <span class='ocrx_word' id='word_1_198' title='bbox 1824 3401 2075 3468; x_wconf 75' lang='lat' dir='ltr'>Phanio</span> <span class='ocrx_word' id='word_1_199' title='bbox 2132 3404 2316 3467; x_wconf 83' lang='lat' dir='ltr'>uxori</span> 
     </span>
     <span class='ocr_line' id='line_1_35' title="bbox 524 3493 1895 3581; baseline -0.004 -16"><span class='ocrx_word' id='word_1_200' title='bbox 524 3556 531 3565; x_wconf 89' lang='lat'>.</span> <span class='ocrx_word' id='word_1_201' title='bbox 1225 3506 1392 3560; x_wconf 85' lang='lat' dir='ltr'>tuae.</span> <span class='ocrx_word' id='word_1_202' title='bbox 1480 3496 1606 3561; x_wconf 71' lang='lat' dir='ltr'>Au.</span> <span class='ocrx_word' id='word_1_203' title='bbox 1648 3493 1895 3581; x_wconf 89' lang='lat' dir='ltr'>[Hem,]</span> 
     </span>
     <span class='ocr_line' id='line_1_36' title="bbox 551 3586 2315 3671; baseline 0.002 -18"><span class='ocrx_word' id='word_1_204' title='bbox 551 3586 728 3671; x_wconf 81' lang='lat' dir='ltr'>Quid</span> <span class='ocrx_word' id='word_1_205' title='bbox 770 3590 904 3654; x_wconf 77' lang='lat' dir='ltr'>ais?</span> <span class='ocrx_word' id='word_1_206' title='bbox 976 3586 1100 3656; x_wconf 73' lang='lat' dir='ltr'>Gn.</span> <span class='ocrx_word' id='word_1_207' title='bbox 1148 3588 1312 3656; x_wconf 86' lang='lat' dir='ltr'>Cum</span> <span class='ocrx_word' id='word_1_208' title='bbox 1366 3589 1500 3655; x_wconf 92' lang='lat' dir='ltr'>eius</span> <span class='ocrx_word' id='word_1_209' title='bbox 1546 3590 1874 3655; x_wconf 75' lang='lat' dir='ltr'>consueuit</span> <span class='ocrx_word' id='word_1_210' title='bbox 1916 3590 2067 3656; x_wconf 89' lang='lat' dir='ltr'>olim</span> <span class='ocrx_word' id='word_1_211' title='bbox 2115 3593 2315 3658; x_wconf 73' lang='lat' dir='ltr'>matre</span> 
     </span>
     <span class='ocr_line' id='line_1_37' title="bbox 514 3684 1994 3751; baseline 0.001 -2"><span class='ocrx_word' id='word_1_212' title='bbox 514 3698 517 3701; x_wconf 81' lang='grc'><em>“</em></span> <span class='ocrx_word' id='word_1_213' title='bbox 1228 3684 1294 3749; x_wconf 88' lang='lat' dir='ltr'>in</span> <span class='ocrx_word' id='word_1_214' title='bbox 1328 3684 1579 3750; x_wconf 90' lang='lat' dir='ltr'>Lemno</span> <span class='ocrx_word' id='word_1_215' title='bbox 1616 3685 1994 3751; x_wconf 72' lang='lat' dir='ltr'>clanculum.</span> 
     </span>
     <span class='ocr_line' id='line_1_38' title="bbox 378 3775 2315 3866; baseline 0.001 -23"><span class='ocrx_word' id='word_1_216' title='bbox 378 3779 502 3844; x_wconf 72' lang='lat' dir='ltr'>Pa.</span> <span class='ocrx_word' id='word_1_217' title='bbox 547 3775 911 3843; x_wconf 78' lang='lat' dir='ltr'>Somnium:</span> <span class='ocrx_word' id='word_1_218' title='bbox 973 3776 1147 3844; x_wconf 85' lang='lat' dir='ltr'>utine</span> <span class='ocrx_word' id='word_1_219' title='bbox 1207 3777 1366 3843; x_wconf 88' lang='lat' dir='ltr'>haec</span> <span class='ocrx_word' id='word_1_220' title='bbox 1426 3780 1746 3861; x_wconf 83' lang='lat' dir='ltr'>ignoraret</span> <span class='ocrx_word' id='word_1_221' title='bbox 1796 3780 1975 3844; x_wconf 77' lang='lat' dir='ltr'>suom</span> <span class='ocrx_word' id='word_1_222' title='bbox 2035 3781 2315 3866; x_wconf 84' lang='lat' dir='ltr'>patrem?</span> 
     </span>
     <span class='ocr_line' id='line_1_39' title="bbox 1231 3869 1949 3955; baseline 0 -18"><span class='ocrx_word' id='word_1_223' title='bbox 1231 3869 1351 3937; x_wconf 73' lang='lat' dir='ltr'>Gn.</span> <span class='ocrx_word' id='word_1_224' title='bbox 1388 3872 1654 3955; x_wconf 91' lang='lat' dir='ltr'>Aliquid</span> <span class='ocrx_word' id='word_1_225' title='bbox 1694 3873 1949 3951; x_wconf 78' lang='lat' dir='ltr'>credito,</span> 
     </span>
     <span class='ocr_line' id='line_1_40' title="bbox 307 3963 2454 4054; baseline 0.003 -29"><span class='ocrx_word' id='word_1_226' title='bbox 307 3983 362 4025; x_wconf 74' lang='lat'>35</span> <span class='ocrx_word' id='word_1_227' title='bbox 468 4010 473 4017; x_wconf 82' lang='lat'><strong>·</strong></span> <span class='ocrx_word' id='word_1_228' title='bbox 553 3963 879 4043; x_wconf 61' lang='lat' dir='ltr'>Phormio,</span> <span class='ocrx_word' id='word_1_229' title='bbox 929 3987 1066 4031; x_wconf 85' lang='lat' dir='ltr'>esse</span> <span class='ocrx_word' id='word_1_230' title='bbox 1118 3965 1364 4032; x_wconf 73' lang='lat' dir='ltr'>causae.</span> <span class='ocrx_word' id='word_1_231' title='bbox 1441 3967 1553 4033; x_wconf 91' lang='lat' dir='ltr'>sed</span> <span class='ocrx_word' id='word_1_232' title='bbox 1603 3989 1704 4033; x_wconf 92' lang='lat' dir='ltr'>me</span> <span class='ocrx_word' id='word_1_233' title='bbox 1758 3968 1988 4032; x_wconf 74' lang='lat' dir='ltr'>censen</span> <span class='ocrx_word' id='word_1_234' title='bbox 2038 3967 2317 4054; x_wconf 88' lang='lat' dir='ltr'>potuisse</span> <span class='ocrx_word' id='word_1_235' title='bbox 2351 3974 2454 4031; x_wconf 76' lang='lat'>875</span> 
     </span>
     <span class='ocr_line' id='line_1_41' title="bbox 1235 4059 1444 4126; baseline 0.01 -2"><span class='ocrx_word' id='word_1_236' title='bbox 1235 4059 1444 4126; x_wconf 70' lang='lat' dir='ltr'>emnia</span> 
     </span>
    </p>
   </div>
  </div>
 </body>
</html>
