2792 4617
519 282 644 351 248
1281 296 1696 354 ADELPHOE
2421 299 2503 367 11,
2528 304 2564 353 4

517 423 642 487 An.
687 423 836 508 Age
886 420 1119 506 inepte,
1174 420 1357 506 quasi
1407 443 1579 486 nunc
1627 422 1756 486 non
1808 419 2090 487 norimus
2132 421 2246 488 nos
2288 422 2453 486 inter

1360 538 1499 594 nos,
1537 513 1862 600 Ctesipho,

685 611 832 675 Hoc
865 610 1020 675 mihi
1054 610 1244 688 dolet,
1279 632 1396 675 nos
1434 613 1573 675 sero
1606 610 1864 675 rescisse
1898 611 1964 675 et
1997 632 2123 676 rem
2150 633 2353 696 paene
2385 610 2452 674 in

1363 706 1510 770 eum
1542 704 1753 769 locum

684 795 975 877 Redisse,
1024 807 1098 863 ut
1149 798 1203 863 si
1255 819 1477 862 omnes
1530 798 1833 882 cuperent
1884 797 2001 863 tibi
2051 798 2144 864 nil
2194 799 2452 885 possent

1361 890 1738 958 auxiliarier.

517 983 633 1050 Or.
684 985 1003 1052 Pudebat.
1089 987 1216 1051 An.
1268 985 1402 1064 Ah,
1447 986 1769 1051 stultitiast
1810 986 2024 1063 istaec,
2067 987 2194 1051 non
2227 984 2448 1072 pudor.
2478 1001 2528 1042 ιο

1360 1090 1493 1145 tam
1527 1079 1610 1143 ob
1645 1080 1975 1164 paruolam

377 1181 480 1235 275
685 1173 850 1240 Rem
883 1175 1087 1261 paene
1122 1196 1158 1240 e
1191 1173 1425 1260 patriai
1463 1175 1645 1258 turpe
1682 1173 1873 1238 dictu.
1921 1173 2074 1239 deos
2110 1194 2346 1259 quaeso
2379 1181 2451 1237 ut

1360 1268 1558 1332 istaec
1593 1266 1987 1352 prohibeant.

516 1360 630 1430 Cr.
682 1362 978 1428 Peccaui.
1072 1363 1197 1427 An.
1260 1360 1437 1443 Quid
1489 1371 1577 1426 a’it
1628 1360 1884 1425 tandem
1934 1361 2119 1426 nobis
2175 1359 2449 1425 Sannio?

1367 1454 1477 1520 Sy,
1522 1455 1663 1519 Iam
1698 1456 1867 1520 mitis
1904 1466 2017 1520 est.

514 1554 638 1616 An.
683 1551 829 1637 Ego
863 1550 949 1614 ad
991 1549 1200 1615 forum
1234 1549 1363 1628 ibo,
1409 1559 1482 1614 ut
1514 1549 1684 1614 hunc
1719 1549 2076 1627 absoluam3
2122 1558 2194 1614 tu
2226 1550 2252 1613 i
2283 1550 2448 1612 intro

1363 1644 1447 1708 ad
1481 1644 1676 1719 illam,
1715 1642 2041 1729 Ctesipho·
2214 1653 2222 1662 '

517 1738 629 1805 SA.
683 1737 869 1825 Syre,
903 1741 1086 1804 insta.
1150 1736 1262 1804 Sr.
1299 1736 1570 1817 Eamus3
1607 1741 1883 1821 namque
1920 1737 2024 1803 hic
2056 1746 2351 1822 properat
2382 1738 2451 1799 in

1360 1830 1669 1917 Cyprum.
1718 1830 1828 1897 SA.
1856 1830 1999 1897 Non
2025 1834 2154 1895 tam
2172 1830 2448 1914 quidem,

656 1927 897 2008 ‘Quam
938 1927 1067 1992 uis:
1112 1925 1303 1993 etiam
1351 1948 1579 1991 maneo
1621 1926 1858 1991 otiosus
1900 1925 2023 1991 hic.
2114 1923 2225 1991 Sr.
2278 1924 2449 1990 Red-
2473 1937 2525 1980 1⁶

1363 2020 1575 2085 detur:
1611 2023 1691 2085 ne
1728 2021 1899 2086 time.

376 2131 479 2186 280
515 2115 625 2182 SA.
680 2116 772 2180 At
808 2124 880 2179 ut
905 2115 1086 2179 omne
1112 2113 1354 2179 reddat.
1421 2113 1531 2181 Sr.
1571 2093 1785 2180 Omne
1812 2114 2060 2192 reddet3
2094 2115 2234 2179 tace
2259 2112 2447 2179 modo

1359 2231 1435 2274 ac
1454 2231 1716 2292 sequere
1735 2209 1874 2274 hac.
1914 2208 2022 2275 SA.
2046 2208 2314 2291 Sequor.
2345 2244 2426 2253 --

510 2303 629 2370 Cr.
681 2305 864 2369 Heus
911 2303 1088 2380 heile,
1135 2301 1319 2388 Syre.
1404 2301 1515 2368 Sr.
1562 2302 1739 2384 Quid
1783 2305 1916 2368 est?
1994 2301 2110 2368 CT.
2160 2280 2445 2368 Obsecro

1358 2406 1423 2461 te
1467 2396 1708 2475 hercle,
1759 2397 2074 2462 hominem
2117 2397 2311 2461 istum
2351 2397 2448 2460 in-

1357 2493 1789 2577 purissumum

683 2584 896 2667 Quam
931 2587 1201 2670 primum
1239 2585 1636 2664 absoluitote,
1679 2607 1783 2662 ne,
1830 2585 1885 2650 si
1917 2585 2122 2671 magis
2157 2584 2446 2650 inritatus

1358 2679 1497 2757 siet,

680 2774 922 2859 Aliqua
964 2773 1046 2838 ad
1091 2783 1336 2859 patrem
1378 2774 1499 2839 hoc
1544 2775 1871 2859 permanet
1915 2783 2106 2856 atque
2146 2794 2266 2857 ego
2310 2773 2445 2836 tum

1356 2879 1662 2954 perpetuo
1698 2867 2011 2952 perierim.

514 2964 623 3029 Sy.
676 2963 822 3028 Non
859 2964 990 3040 fiet,
1028 2963 1194 3028 bono
1231 2963 1442 3028 animo
1477 2966 1576 3028 es:
1614 2973 1684 3026 tu
1719 2985 1865 3027 cum
1899 2962 2008 3027 illa
2041 2973 2103 3026 te
2127 2964 2297 3026 intus
2333 2960 2447 3026 ob-
2472 2979 2526 3019 20

1352 3059 1519 3123 lecta
1550 3057 1802 3122 interim

372 3157 475 3211 285
679 3153 767 3216 Et
802 3152 1067 3217 lectulos
1100 3153 1250 3218 iube
1288 3152 1483 3218 sterni
1516 3152 1701 3217 nobis
1738 3154 1802 3217 et
1836 3152 2045 3237 parari
2079 3152 2306 3216 cetera.

677 3247 822 3333 Ego
855 3247 991 3335 iam·
1016 3257 1332 3313 transacta
1366 3251 1435 3311 re
1472 3258 1838 3311 conuortam
1875 3250 1975 3311 me
2014 3247 2273 3312 domum
2298 3267 2448 3310 cum

1356 3341 1638 3406 obsonio·

522 3425 634 3492 Cr.
691 3427 790 3491 Ita
822 3431 1078 3510 quaeso·
1153 3432 1408 3512 quando
1442 3432 1563 3497 hoc
1606 3433 1768 3499 bene
1810 3436 2130 3513 successit,
2175 3437 2437 3503 hilarem

1352 3526 1524 3591 hunc
1559 3526 1883 3591 sumamus
1920 3524 2107 3589 diem.

1263 3843 1690 3856 m
