2792 4617
0 20 639 127 —s

238 296 310 367 v,
334 298 370 352 e
1091 293 1501 353 Evnvcnvs
2146 279 2270 347 145

411 493 814 561 CnAnnnA
897 493 1302 560 Panunuo
1391 492 1746 561 Gan-no
1833 495 2173 562 Tnnaeo

418 611 804 655 Anvmecnus
982 611 1209 654 ennvoe
1412 609 1736 654 mnaerrve
1911 611 2091 655 ms

238 699 462 767 v‚80n.
511 680 574 766 O
610 701 966 786 populare-3,
1003 699 1220 784 ecquis
1255 721 1356 765 me
1389 698 1577 764 hodie
1612 699 1773 765 uiuit
1806 699 2217 766 fortunatior?

511 795 716 860 Nemo
769 794 978 861 hercle
1030 793 1394 878 quiequam3
1457 815 1606 858 nam
1665 797 1734 858 in
1785 817 1887 861 me
1938 795 2124 881 plane
2177 793 2242 858 di

1191 890 1569 974 potestatem
1605 911 1786 953 suam

514 982 791 1050 Omnem
825 983 1175 1062 detondere,
1211 984 1363 1068 quoi
1394 993 1527 1048 tam
1562 983 1772 1049 subito
1806 983 1897 1049 tdt
1932 1005 2243 1070 congrue-

1186 1078 1312 1142 rint
1346 1076 1697 1144 odmmoda.

345 1173 462 1237 ΡΑ.
509 1171 685 1254 Quid
718 1171 821 1237 hic
846 1172 1048 1237 laetus
1074 1173 1205 1236 eet?
1267 1169 1386 1236 Cn.
1426 1167 1492 1235 O
1519 1171 1835 1237 Parmeno
1862 1171 1969 1249 mi,
2007 1193 2045 1236 ο
2071 1174 2242 1237 mea-

1189 1287 1330 1329 rum
1366 1265 1768 1351 uoluptatum
1802 1266 2079 1330 bmnium

296 1375 323 1418 ⁶
511 1359 818 1425 Inuentor
866 1360 1146 1445 inceptdr
1196 1358 1529 1445 perfector,
1582 1361 1705 1424 scie
1756 1382 1860 1425 me
1900 1359 1969 1423 in
2012 1359 2242 1443 quibus
2278 1366 2414 1422 1035

1196 1453 1315 1518 sim
1350 1453 1641 1539 gaudiis?

515 1546 656 1614 Scis
673 1548 1075 1633 Pamphilam
1103 1570 1310 1613 meam
1339 1547 1660 1614 inuentam
1682 1548 1924 1614 ciuem?
1965 1549 2085 1613 ΡΑ.
2104 1551 2244 1613 Au-

1192 1641 1346 1707 diui.
1403 1640 1521 1707 Cn.
1561 1640 1704 1708 Scis
1731 1645 2025 1729 sponsam
2053 1641 2244 1707 mihi?

343 1735 463 1799 ΡΑ.
508 1735 707 1812 Bene,
739 1737 829 1800 ita
865 1759 965 1801 me
1002 1735 1066 1800 di
1101 1747 1334 1812 ament,
1372 1736 1633 1802 factum.
1717 1734 1842 1803 Gn.
1897 1736 2116 1801 Audin
2152 1748 2242 1814 tu,

1191 1830 1295 1893 hic
1319 1829 1474 1912 quid
1500 1831 1624 1894 ait?
1672 1828 1793 1896 Cn.
1830 1830 2003 1895 Tum
2032 1842 2243 1896 autem

1194 1923 1554 1990 Phaedriae

514 2017 670 2083 Meo
705 2017 882 2082 fratri
916 2017 1168 2103 gaudeo
1203 2019 1341 2082 esee
1377 2039 1657 2082 amorem
1691 2039 1944 2084 omnem
1974 2019 2043 2084 in
2077 2029 2248 2084 tran-

666 2160 675 2168 .
1192 2113 1416 2196 quillo:
1454 2115 1641 2178 unast
1674 2111 1929 2190 domue;

515 2202 710 2299 Thais
764 2206 929 2292 patri
982 2229 1051 2272 ee
1103 2205 1599 2285 cdmmendauit,
1658 2209 1727 2272 in
1779 2208 2131 2273 clientelam
2182 2210 2245 2272 et

1194 2301 1385 2366 fidem
2065 2304 2072 2311 “

261 2415 318 2454 ιο
515 2394 714 2459 Nobis
752 2395 926 2460 dedit
961 2418 1049 2461 ee.
1117 2395 1235 2460 ΡΑ.
1282 2395 1522 2461 Fratris
1558 2395 1752 2481 igitur
1785 2395 1984 2461 Thais
2019 2399 2244 2462 totaet?
2281 2402 2415 2457 1040

1195 2487 1314 2554 Cn.
1364 2489 1640 2555 Scilicet.

343 2585 462 2649 ΡΑ.
507 2583 648 2649 Iam
681 2583 802 2649 hoc
834 2584 1010 2649 aliud
1044 2594 1138 2649 eet
1172 2583 1344 2667 quod
1379 2584 1799 2668 gaudeamus:
1836 2584 2016 2650 miles
2054 2586 2246 2671 pelle-

1192 2679 1295 2743 tl'u·
1328 2677 1517 2743 foras,

346 2771 466 2837 Cn.
511 2772 615 2837 Tu
633 2772 826 2838 frater
838 2772 1078 2838 ubiubi
1097 2783 1194 2838 eet
1211 2772 1313 2836 fac
1335 2795 1524 2855 quam
1544 2772 1815 2857 primum
1834 2772 1993 2838 haec
2012 2772 2243 2838 audiat.

1189 2866 1308 2930 ΡΑ.
1354 2866 1576 2932 Visam
1612 2865 1887 2931 domum.
1925 2903 2011 2912 --

343 2959 464 3024 ΤΗ.
509 2958 683 3024 Num
735 2959 924 3043 quid,
963 2957 1242 3036 Gnath0,
1295 2970 1366 3024 tu
1422 2958 1669 3024 dubitas
1714 2961 1866 3044 quin
1912 2983 2031 3046 ego
2076 2961 2246 3026 nl'mc

1194 3068 1501 3139 perpetuo
1535 3055 1865 3139 perierim?

347 3145 473 3212 GN.
514 3145 668 3212 Sine
704 3147 898 3212 dubio
934 3148 1175 3233 opinor.
1239 3144 1359 3212 Cn.
1408 3147 1582 3229 Quid
1610 3142 2094 3215 commembrem
2118 3150 2246 3235 pri-

1192 3265 1367 3306 mum
1405 3253 1516 3306 aut
1548 3242 1802 3309 laudem
1836 3245 2169 3309 maxume?

254 3353 318 3396 15
514 3335 786 3401 Illumne
822 3335 932 3422 qui
965 3335 1119 3400 mihi
1156 3337 1329 3401 dedit
1364 3336 1698 3402 consilium
1732 3348 1803 3402 ut
1830 3337 2127 3416 facerem,
2162 3362 2244 3404 an
2280 3353 2416 3409 1045

1192 3453 1295 3495 me
1331 3430 1440 3514 qui
1475 3431 1541 3494 id
1577 3432 1769 3496 ausus
1805 3431 1923 3497 sim

512 3523 823 3609 Incipere,
870 3546 953 3588 an
996 3523 1312 3588 fortunam
1360 3524 1754 3602 conlaudem,
1803 3528 1967 3610 quae
2012 3527 2245 3613 guber-

1188 3620 1398 3683 natrix
1432 3618 1573 3696 fuit,

520 3709 704 3791 Quae
740 3713 829 3775 tet
862 3733 964 3777 res
999 3722 1204 3778 tantae
1240 3725 1371 3777 tam
1396 3714 1746 3798 dpportune
1771 3713 1838 3778 in
1863 3716 2062 3780 unum
2096 3738 2246 3782 con-

1192 3808 1381 3871 clusit
1415 3807 1602 3883 diem,

519 3899 630 3962 An
662 3901 788 3964 mei
822 3900 1015 3984 patrie
1051 3901 1458 3966 feetiuitatem
1494 3911 1556 3966 et
1589 3900 1992 3970 facilitatem?
2027 3926 2065 3969 o
2090 3904 2243 3993 Iup-

1189 3996 1369 4080 piter,

522 4086 725 4154 Serua
759 4088 1018 4154 ebsecro
1054 4089 1210 4159 haec
1247 4089 1413 4155 bona
1447 4089 1657 4158 ndbiel

458 4187 690 4234 Terentius.
1868 4191 1937 4250 10
