2792 4617
311 255 359 325 1,
387 256 434 309 1.
457 255 494 309 2
1222 250 1537 309 HEOYRA
2222 237 2345 304 199

1106 958 1513 1040 ACTVS
1565 958 1632 1038 I.

1000 1128 1415 1194 Pn1noms
1537 1127 1760 1194 SYRA

1048 1246 1351 1286 mnumx
1554 1244 1709 1288 Azws

302 1373 342 1426 1,
369 1377 393 1414 1
410 1357 530 1422 PH.
574 1358 703 1422 Per
735 1358 844 1444 pol
877 1380 1068 1443 quam
1104 1380 1341 1444 paucos
1376 1358 1654 1444 reperias
1690 1357 2121 1423 meretricibus

576 1452 816 1516 Fidelis
852 1455 1105 1517 euenire
1141 1455 1473 1529 amatores,
1514 1450 1698 1538 Syra.

579 1547 702 1613 Vel
735 1547 839 1612 hic
870 1546 1247 1632 Pamphilus
1283 1546 1536 1611 iurabat
1570 1545 1859 1630 quotiens
1896 1544 2221 1624 Bacchidi,
2376 1553 2446 1607 60

579 1639 795 1723 Quam
829 1644 1062 1718 sancte,
1099 1652 1170 1706 ut
1204 1641 1414 1726 quiuis
1449 1641 1633 1706 facile
1668 1652 1882 1728 posset
1916 1642 2189 1718 credere,

258 1814 261 1817 Ι
355 1752 383 1792 6
576 1736 943 1819 Numquam
976 1737 1085 1800 illa
1119 1736 1271 1801 uiua
1305 1736 1642 1801 ducturum
1679 1738 1942 1801 uxorem
1978 1735 2263 1800 domum!

398 1854 409 1859 Γ
577 1830 723 1906 Em,
761 1831 959 1895 duxit.
1031 1830 1140 1898 SY.
1178 1830 1355 1917 Ergo
1390 1832 1726 1917 propterea
1760 1842 1825 1896 te
1859 1830 2080 1895 sedulo

577 1925 665 1987 Et
698 1925 923 1990 moneo
960 1937 1023 1990 et
1056 1925 1290 2002 hortor,
1327 1927 1407 1989 ne
1445 1925 1865 2009 quoiusquam
1900 1927 2211 2001 misereat,

578 2018 753 2098 Quin
788 2020 1018 2104 spolies
1057 2020 1305 2084 mutiles
1341 2019 1601 2097 laceres,
1646 2041 1963 2103 quemque
2006 2022 2191 2084 nacta
2234 2019 2339 2084 sis.
2376 2032 2445 2086 65

278 2174 284 2183 ,
405 2111 526 2177 ΡΗ.
571 2114 766 2180 Vtine
802 2115 1103 2180 eximium
1136 2113 1453 2178 neminem
1489 2113 1797 2179 habeam?
1840 2113 1946 2179 Sy.
1974 2113 2338 2178 Neminem:

329 2223 383 2262 10
576 2206 746 2271 Nam
779 2210 967 2272 nemo
1010 2207 1262 2272 illorum
1299 2206 1653 2291 quisquam,
1699 2207 1877 2283 scite,
1921 2207 2003 2272 ad
2046 2209 2107 2271 te
2142 2208 2338 2286 uenit,

456 2376 459 2379 ,
575 2299 751 2383 Quin
782 2305 874 2367 ita
906 2313 1085 2387 paret
1119 2325 1277 2378 sese,
1313 2300 1429 2366 abs
1464 2312 1528 2367 te
1563 2312 1635 2366 ut
1668 2300 1986 2366 blanditiis
2022 2302 2153 2367 suis

576 2395 792 2477 Quam
825 2399 1107 2461 minumo
1142 2396 1340 2482 pretio
1375 2399 1560 2463 suam
1593 2395 1984 2481 uoluptatem
2025 2397 2295 2483 expleat.

573 2491 837 2556 Hiscine
872 2502 941 2556 tu
977 2491 1206 2554 amabo
1242 2492 1369 2554 non
1408 2500 1626 2555 contra
1658 2489 2076 2554 insidiabere?
2374 2494 2441 2548 70

401 2583 522 2647 ΡΗ.
570 2582 817 2649 Tamen
849 2584 957 2670 pol
994 2584 1257 2650 eandem
1291 2584 1649 2648 iniuriumst
1685 2607 1822 2648 esse
1857 2585 2166 2650 omnibus.

328 2695 379 2736 15
406 2677 514 2744 SY.
569 2678 881 2744 Iniurium
916 2690 1128 2746 autem
1164 2690 1261 2744 est
1295 2678 1513 2743 ulcisci
1548 2678 1981 2743 aduorsarios?

525 2797 531 2801 ’
571 2775 708 2838 Aut
742 2777 869 2858 qua
903 2774 1011 2838 uia
1043 2786 1105 2839 te
1141 2777 1414 2859 captent,
1453 2773 1674 2839 eadem
1709 2773 1875 2858 ipsos
1913 2773 2091 2858 capi?

571 2869 757 2933 Eheu
792 2891 894 2934 me
929 2868 1244 2944 miseram,
1282 2870 1443 2950 quor
1476 2890 1605 2932 non
1640 2880 1750 2932 aut
1784 2868 1978 2932 istaec
2011 2867 2166 2932 mihi

570 2964 773 3029 Aetas
808 2975 869 3029 et
906 2963 1170 3028 formast
1203 2964 1312 3027 a1'1t
1347 2961 1464 3026 tibi
1497 2963 1654 3027 haec
1690 2960 2026 3029 sententia!
2371 2972 2437 3025 75

719 3167 1126 3235 PAnunno
1249 3165 1666 3233 Puniens
1789 3164 2012 3231 SYRA

804 3283 1026 3327 scavos
1296 3284 1601 3326 mmmmm
1810 3283 1966 3326 ms

296 3393 333 3444 1,
356 3394 382 3432 2
398 3375 517 3439 ΡΑ.
565 3371 778 3439 Senex
812 3374 865 3437 si
901 3382 1161 3457 quaeret
1194 3374 1316 3447 me,
1352 3371 1540 3436 modo
1576 3372 1699 3437 isse
1736 3371 1925 3437 dicito

570 3467 679 3531 Ad
713 3468 961 3553 portum
995 3469 1432 3552 percontatum
1466 3465 1811 3530 aduentum
1833 3465 2184 3552 Pamphili.

568 3561 787 3626 Audin
821 3562 973 3644 quid
1011 3561 1237 3637 dicam,
1276 3558 1518 3626 Scirte?
1561 3559 1617 3624 si
1651 3562 1911 3644 quaeret
1944 3584 2068 3638 me,
2103 3561 2196 3625 uti

568 3655 737 3720 Tum
773 3656 945 3721 dicas
956 3681 974 3733 3
1012 3656 1065 3721 si
1099 3678 1228 3721 non
1261 3656 1541 3738 quaeret,
1576 3655 1789 3720 nullus
1827 3655 2077 3732 dixeris,

346 3771 373 3811 5
571 3749 750 3814 Alias
785 3761 857 3814 ut
890 3750 982 3813 uti
1016 3751 1253 3835 possim
1287 3771 1478 3813 causa
1512 3748 1632 3814 hac
1664 3751 1930 3834 integra.
2364 3758 2433 3810 80

569 3844 699 3911 Sed
734 3845 965 3909 uideon
1001 3866 1120 3929 ego
1156 3843 1540 3907 Philotium?
1587 3844 1758 3909 unde
1793 3845 1950 3909 haec
1983 3841 2279 3908 aduenit?

565 3939 864 4016 Philotis,
935 3939 1110 4004 salue
1178 3937 1469 4002 multum.
1569 3939 1690 4003 Pu.
1737 3935 1826 4002 ,Ο
1898 3938 2102 4014 salue,
2170 3937 2328 4001 Par-

1241 4053 1447 4097 meno.
