2792 4617
2428 3 2553 13 ν-ν-π-ι-Ἰ
2563 3 2692 15 -ur—ss·

575 273 696 338 116
1338 286 1748 346 EVNVOHVS
2470 287 2549 358 11,
2573 286 2610 343 3

567 409 690 476 ΡΑ.
736 409 912 492 Quid
963 411 1088 475 ita?
1158 408 1276 477 Cn.
1329 412 1636 498 Rogitas?
1697 412 1943 476 summa
1994 408 2200 476 forma
2248 412 2503 497 semper
2529 427 2583 468 ⁷⁵

1416 507 1786 571 conseruam
1821 504 1993 569 domi

739 596 1030 676 Videbit,
1083 598 1524 682 conloquatur,
1579 598 1781 665 aderit
1830 599 1958 664 una
2011 597 2079 664 in
2127 597 2271 665 unis
2331 594 2503 663 aedi-

1415 692 1566 771 bus;

739 781 973 850 Cibum
1009 806 1142 852 non
1183 807 1530 871 numquam
1576 786 1781 872 capiet
1825 807 1970 850 cum
2020 807 2096 851 ea
2114 806 2157 864 3·
2183 785 2503 851 interdum

1415 890 1671 966 propter
1709 879 1990 945 ddrmiet.

567 971 686 1036 ΡΑ.
734 970 909 1052 Quid
951 975 1005 1037 si
1036 993 1207 1039 nunc
1248 983 1384 1040 tute
1426 973 1779 1039 fcrtunatus
1820 973 1978 1038 fias?
2009 994 2015 999 ·
2048 969 2170 1040 ΟΕ.
2217 970 2367 1053 Qua
2407 993 2498 1048 re,

1409 1066 1765 1133 Parmeno?

430 1166 534 1222 370
735 1158 1092 1249 Respdnde5
1177 1158 1300 1226 ΡΑ.
1346 1157 1584 1246 Capias
1630 1157 1759 1248 [tu]
1813 1159 1980 1225 illius
2023 1169 2288 1225 uestem.
2375 1155 2498 1222 Gn.

1413 1254 1716 1321 Vestem?
1756 1254 1911 1338 quid
1945 1267 2082 1318 tum
2114 1251 2370 1338 pbstea?

567 1345 687 1411 ΡΑ.
727 1346 860 1411 Pro
904 1346 1013 1412 illd
1056 1356 1120 1413 te
1166 1346 1495 1414 deducam.
1584 1345 1703 1413 Cn.
1748 1346 1983 1413 Audio.
2069 1347 2187 1411 ΡΑ.
2221 1346 2318 1412 Te
2363 1366 2503 1411 esse
2526 1361 2586 1402 8⁰

1262 1496 1268 1505 .
1410 1441 1591 1507 illum
1626 1441 1853 1507 dicam.
1942 1439 2062 1506 Cn.
2103 1440 2432 1526 Intellego·

565 1532 684 1599 ΡΑ.
730 1534 835 1599 Tu
868 1534 990 1598 illis
1026 1534 1238 1599 fruare
1275 1535 1644 1613 cdmmodis,
1679 1536 1909 1620 quibus
1935 1537 2007 1599 tu
2039 1536 2215 1599 illum
2244 1531 2500 1599 dicebas

1411 1629 1631 1694 modo:

739 1718 973 1788 Cibum
1017 1722 1146 1787 una
1188 1722 1421 1808 capias,
1465 1722 1656 1800 adsis,
1702 1733 1947 1808 tangas,
1990 1722 2195 1800 ludas,
2243 1732 2502 1807 propter

1412 1815 1712 1895 ddrmias3

739 1908 1270 1995 Quanddquidem
1303 1910 1554 1975 illarum
1598 1913 1805 1995 neque
1848 1921 1911 1976 te
1947 1909 2283 1994 quisquam
2322 1909 2502 1975 nduit

1414 2025 1619 2088 neque
1653 2005 1773 2071 scit
1806 2006 1917 2089 qui
1950 2005 2092 2069 sies.

429 2097 532 2152 375
733 2097 1073 2163 Praeterea
1104 2096 1308 2163 forma
1342 2109 1407 2164 et
1441 2100 1613 2163 aetas
1647 2099 1863 2183 ipsast‚
1909 2097 2094 2164 facile
2128 2107 2201 2163 ut
2241 2119 2357 2184 pro
2393 2119 2502 2163 eu-

1414 2191 1623 2257 nuchd
1659 2192 1908 2277 probes.

568 2281 689 2349 Cn.
733 2284 972 2350 Dixisti
1006 2282 1297 2370 pulchre:
1341 2287 1689 2369 numquam
1724 2286 1858 2351 uidi
1899 2285 2126 2352 melius
2171 2286 2499 2351 consilium
2528 2304 2584 2346 8⁵

1415 2380 1566 2445 dari.

737 2475 884 2559 Age
919 2475 1140 2538 eamus
1174 2472 1337 2539 intro
1370 2475 1698 2540 nunciam·
1743 2495 1899 2539 orna
1932 2496 2055 2552 me,
2092 2473 2321 2553 abduc,
2358 2475 2503 2591 duc,

1411 2568 1717 2652 quantum
1751 2578 1980 2653 potest.

568 2661 687 2726 ΡΑ.
732 2659 908 2742 Quid
961 2661 1133 2746 agis?
1184 2660 1440 2727 iocabar
1481 2661 1795 2744 equidem.
1885 2658 2003 2726 Cn.
2049 2659 2293 2729 Garris.
2380 2662 2501 2728 ΡΑ.

1415 2755 1610 2831 Perii,
1645 2755 1801 2840 quid
1834 2776 1955 2841 ego
1991 2758 2094 2842 egi
2129 2756 2347 2821 miseri

740 2847 889 2929 Quo
921 2849 1158 2915 trudis?
1199 2850 1538 2936 perculeris
1580 2849 1709 2914 iam
1752 2861 1826 2915 tu
1856 2871 1979 2915 me.
2048 2851 2165 2914 tibi
2208 2851 2499 2934 equidem

1415 2943 1572 3020 died,
1607 2965 1814 3009 mane.

433 3042 537 3096 380
571 3032 691 3100 Cn.
733 3035 997 3102 Eamus.
1048 3036 1170 3101 ΡΑ.
1198 3036 1473 3123 Pergin?
1527 3036 1648 3102 Cn.
1678 3036 2019 3103 Certumst.
2069 3038 2189 3103 ΡΑ.
2218 3038 2386 3105 Vide
2421 3063 2503 3105 ne

1411 3131 1676 3196 nlmium
1710 3130 1985 3197 calidum
2021 3131 2142 3197 hoc
2176 3133 2258 3197 sit
2290 3133 2502 3198 modo,

574 3220 697 3288 Cn.
739 3222 890 3289 Non
922 3224 1018 3289 est
1050 3225 1361 3310 profecto:
1399 3227 1550 3291 sine.
1602 3225 1719 3290 ΡΑ.
1746 3225 1840 3291 At
1857 3226 2043 3301 enim
2069 3226 2264 3292 istaec
2296 3229 2363 3291 in
2399 3251 2502 3294 me
2532 3249 2590 3287 90

1416 3320 1678 3385 cudetur
1714 3319 1884 3384 faba.
1974 3318 2095 3387 Cn.
2131 3320 2262 3385 Ah.

739 3410 861 3478 ΡΑ.
902 3413 1246 3499 Flagitium
1281 3414 1564 3480 faohnus.
1635 3411 1760 3478 cn.
1786 3395 1896 3478 An
1929 3413 1995 3477 id
2019 3413 2413 3502 flagitiumst,
2449 3415 2524 3481 si-

1409 3509 1480 3571 in
1514 3507 1771 3571 domum
1805 3507 2221 3573 meretriciam

739 3597 1042 3664 Deducat
1084 3609 1149 3664 et
1189 3598 1313 3667 illis
1364 3600 1677 3677 crucibus,
1729 3621 1893 3683 quae
1934 3622 2049 3666 nos
2098 3603 2504 3687 ndstramque

1418 3692 1907 3759 adulescentiam

743 3784 1007 3852 Habent
1039 3785 1424 3873 despicatam
1459 3797 1521 3853 et
1556 3789 1720 3870 quae
1762 3808 1878 3851 nos
1922 3809 2169 3873 semper
2211 3788 2505 3856 dmnibus

1415 3880 1697 3947 cruciant
1728 3880 1953 3958 modis,

435 3980 539 4036 385
738 3972 931 4041 Nunc
975 3972 1242 4040 referam
1296 3974 1565 4061 gratiam
1608 3976 1798 4058 atque
1843 3997 1950 4039 cas
1994 3973 2209 4040 itidem
2262 3973 2501 4053 fallam,

1413 4081 1485 4135 ut
1516 4068 1599 4135 ab
1634 4068 1756 4134 illis
1789 4068 2103 4135 fallimur?
