2792 4617
548 349 553 352 -
1177 316 1519 360 PRAEFATIO
2355 308 2438 356 lx
2449 377 2456 382 .

256 428 492 575 effi..
517 429 779 575 {⁸15¹ssss
795 424 1334 566 ffl⁰12⁰fini¹902¹t22
1369 424 2435 575 &fflifflffitffiffissss

256 561 392 617 mdo
417 578 452 615 a
474 562 640 616 Livro
662 562 995 632 Andronico,
1029 580 1154 617 cum
1176 580 1334 635 grae-
1369 569 1442 616 tis
1472 578 1696 633 prorsus
1728 578 1897 617 novas
1928 579 2032 618 nec
2061 577 2173 616 iam
2206 562 2278 616 ab
2311 561 2437 616 alus

257 646 358 685 cas
416 630 640 685 fabulas
690 630 861 686 latine
917 636 1217 701 verterent,
1274 632 1335 686 id
1368 635 1635 686 tractatas
1681 647 1800 685 esse
1848 630 2050 686 debere
2088 630 2308 685 fabulas
2346 629 2437 684 vel

255 697 609 767 potissimum
638 699 905 770 agebant,
947 705 1009 754 ut
1041 716 1136 754 eas
1169 716 1333 770 quam
1368 703 1514 753 totas
1538 699 1627 755 vel
1659 704 1845 770 partes
1870 715 2059 754 earum
2082 698 2437 766 dictitabant,

257 766 501 821 maxime
535 767 759 822 auribus
791 773 848 822 et
869 768 1120 823 sensibus
1143 768 1334 838 populi
1409 766 1570 821 uibus
1602 767 1765 822 dictis
1797 767 2094 822 Terentius
2126 768 2215 822 vel
2244 783 2438 822 revera

258 835 479 890 romani
496 836 889 907 adaequarent,
911 836 1169 892 subtilem
1189 853 1330 890 com·
1393 836 1617 891 abulam
1626 852 1783 890 suam
1791 852 1988 890 novam
1999 835 2436 905 esse(Ad.6sqq.)

257 904 507 973 ponendi
540 909 714 959 artem
744 905 835 960 vel
865 921 1043 960 mores
1148 921 1331 959 rsona-
1367 904 1458 958 vel
1498 921 1558 958 se
1599 904 1892 959 nescivisse
1931 904 2230 975 respondet
2269 902 2440 957 alium

256 989 387 1025 rum
419 971 717 1044 diligenter
748 978 803 1027 et
835 972 1071 1042 aequab‘
1100 972 1203 1027 ‘ter
1231 989 1335 1044 per
1368 978 1591 1042 poetam
1638 974 1832 1027 eadem
1877 972 1990 1027 iam
2043 971 2235 1026 fabula
2278 988 2440 1026 usum

258 1044 442 1095 totam
499 1041 746 1095 fabulam
797 1041 1102 1112 descriptos
1151 1041 1332 1095 minus
1369 1056 1491 1096 esse
1510 1040 1669 1106 (Eun.
1691 1040 1759 1095 19
1781 1049 1940 1111 sqq.)‚
1967 1040 2129 1095 simul
2146 1040 2439 1094 ostendens

258 1113 520 1163 curantes
533 1123 699 1177 quam
718 1110 1068 1178 easvirtutes,
1082 1124 1226 1178 quae
1244 1127 1331 1163 ru-
1367 1108 1464 1176 (ib.
1508 1109 1592 1162 27.
1638 1110 1706 1163 35
1747 1125 1864 1190 sqq.
1934 1108 2071 1163 nihil
2117 1107 2336 1179 peccati
2379 1107 2442 1160 in'

262 1176 420 1231 dium
438 1182 496 1231 et
510 1177 896 1233 illiteratorum
912 1177 1192 1233 hominum
1216 1177 1331 1232 ani-
1369 1191 1436 1230 eo
1458 1176 1640 1231 inesse
1672 1176 1780 1231 sibi
1803 1194 1858 1231 v1
1900 1177 1996 1244 eri,
2031 1177 2177 1247 quod
2211 1176 2440 1231 eaedem

260 1261 385 1299 mos
401 1245 626 1300 allicere
647 1251 703 1300 et
722 1253 945 1316 captare
968 1252 1210 1317 possent,
1242 1263 1330 1300 ac·
1367 1260 1603 1316 graecae
1636 1244 1861 1299 fabulae
1894 1250 1992 1300 aut
2031 1252 2218 1326 partes
2252 1262 2442 1299 earum

255 1313 431 1367 tionis
452 1314 775 1369 varietatem
794 1321 850 1369 et
867 1314 1209 1369 alacritatem
1250 1314 1330 1370 in·
1368 1330 1404 1367 a
1435 1311 1665 1367 diversis
1697 1312 1881 1367 latinis
1914 1320 2092 1383 poetis
2116 1318 2435 1394 tractentur.

296 1381 468 1435 'tatos
514 1382 808 1451 multisqne
850 1388 906 1436 et
951 1355 1332 1454 petulantibus
1368 1381 1416 1435 si
1448 1387 1740 1451 praeterea
1762 1380 1946 1448 (Phor.
1967 1384 2021 1449 5)
2052 1381 2356 1436 adversarii
2387 1381 2442 1435 ei

254 1448 400 1504 iocis
420 1449 761 1505 intermixtos
792 1466 1082 1506 sermones.
1130 1451 1333 1506 sensim
1369 1449 1755 1504 obtrectabant
1812 1450 2057 1504 ‘fabulas
2113 1448 2267 1504 tenui
2314 1465 2436 1503 esse

256 1534 395 1573 vero
420 1522 476 1572 et
498 1519 787 1587 paullatim
816 1518 1022 1574 iudicio
1053 1520 1334 1574 hominum
1368 1519 1615 1572 oratione
1636 1523 1692 1571 et
1709 1517 1979 1589 scriptura
1997 1517 2107 1573 leui
2129 1518 2142 1541 ’
2165 1518 2224 1572 id
2242 1516 2439 1589 tetige-

257 1586 666 1656 aliquantulum
724 1588 962 1658 expolito
1013 1593 1072 1642 et
1117 1589 1332 1643 exculto
1367 1592 1513 1656 runt,
1557 1587 1706 1656 quod
1738 1617 1810 1627 —
1840 1587 1965 1641 aliis
2005 1603 2102 1641 ver
2141 1586 2191 1640 is
2231 1587 2442 1640 dictum

254 1655 549 1726 neglectas
565 1656 689 1710 illas
711 1663 879 1710 antea
896 1655 1126 1711 virtutes
1144 1657 1332 1728 magni
1368 1661 1536 1723 atque
1594 1657 1775 1708 minus
1831 1654 1965 1709 mali
2045 1671 2077 1711 e
2123 1686 2189 1697 -
2229 1654 2441 1737 posteri

256 1722 558 1778 aestimare
603 1729 900 1795 coeperunt
953 1723 1331 1806 imprimisque
1368 1739 1587 1804 quoque
1630 1724 1809 1777 minus
1855 1724 1949 1778 lau
1987 1725 2190 1779 andum
2229 1740 2290 1777 m
2329 1723 2439 1777 Te-

256 1791 515 1873 hpmines
539 1792 686 1846 docti
703 1798 761 1847 et
779 1792 948 1875 quiin
966 1792 1330 1916 litterizprm·
1367 1797 1546 1873 rentro
1567 1808 1685 1846 esse
1706 1792 2023 1873 censebant.
2065 1791 2273 1874 sedatis
2292 1791 2439 1846 enim

254 1866 522 1999 ῗέἕῑᾞ
532 1861 947 1999 (Ῑῗὲἓῑῗΐοῗιῗέι
978 1868 1332 1984 Ἒοῆιῶἓ
1367 1860 2440 2009 fflmffissssfflzffltfs.

256 1997 581 2052 comoediae
628 1997 845 2069 graecis
891 2013 1059 2067 quam
1097 1999 1331 2053 maxime
1369 2002 1428 2051 et
1479 1996 1759 2067 aequabili
1816 1998 2040 2053 flumine
2099 2013 2275 2052 sermo
2322 2014 2440 2051 eius

255 2065 472 2119 similes
495 2066 806 2121 evaderent.
850 2067 982 2121 hinc
998 2083 1128 2122 vero
1144 2067 1332 2137 graeci
1368 2065 1591 2134 labitur,
1618 2065 1699 2119 ita
1726 2070 1789 2119 ut
1805 2066 1984 2122 Varro
2003 2065 2168 2133 (Geli.
2182 2066 2264 2122 VI
2284 2064 2366 2132 14,
2386 2067 2439 2134 6)

254 2133 462 2188 coloris
507 2133 675 2188 nimio
724 2134 905 2189 studio
945 2135 1226 2189 occaecati
1267 2152 1332 2190 eo
1369 2151 1495 2189 eum
1528 2138 1590 2188 ut
1613 2134 1891 2205 exemplar
1907 2134 2210 2205 probabilis
2232 2134 2438 2188 medio-

254 2202 531 2256 obscurae
555 2203 876 2275 diligentiae
895 2203 1088 2270 (Andr.
1103 2204 1189 2271 21)
1206 2221 1330 2274 pro·
1368 2203 1579 2257 critatis
1599 2202 1821 2256 afferat:
1840 2202 2051 2269 ἤθεσιν,
2062 2221 2171 2256 non
2193 2204 2439 2256 πάθεσιν

256 2269 444 2342 gressi
471 2278 622 2340 sunt,
664 2276 727 2325 ut
758 2288 1032 2342 quamque
1073 2288 1333 2342 graecam
1369 2271 1689 2326 excellebat.
1740 2288 1865 2324 cum
1888 2288 1959 2326 ne
1984 2272 2193 2326 comica
2217 2270 2440 2341 quidem

255 2338 601 2393 comoediam
623 2340 788 2410 plane
819 2341 1095 2411 integram
1118 2346 1330 2395 verten-
1367 2339 1470 2408 vis,
1513 2355 1654 2408 quae
1687 2338 1906 2409 dicitur,
1946 2340 2007 2393 in
2047 2356 2113 2394 eo
2147 2338 2439 2410 singularis

256 2408 394 2461 dam
417 2423 537 2461 esse
561 2424 739 2478 neque
761 2408 930 2463 ullam
954 2409 1095 2462 alius
1120 2425 1329 2463 comoe—
1368 2412 1517 2462 esset
1583 2411 1641 2461 et
1707 2424 1911 2478 graeca
1971 2408 2221 2478 exempla
2278 2408 2440 2460 nimis

257 2476 393 2530 diae
434 2492 718 2545 scaenam,
758 2477 1006 2547 quamvis
1045 2483 1235 2548 aptam
1277 2483 1334 2531 et
1367 2476 1530 2530 anxie
1547 2491 1796 2556 premere
1814 2476 2110 2544 videretur,
2130 2475 2437 2532 aVolcacio

255 2544 565 2599 venustatis
626 2544 835 2612 lenam,
867 2544 999 2599 addi
1031 2545 1198 2601 licere
1222 2551 1330 2600 sta-
1369 2544 1621 2614 Sedigito
1638 2544 1697 2597 in
1714 2560 1923 2598 canone
1942 2544 2134 2599 decem
2154 2548 2441 2614 poetarum

253 2613 551 2667 tuerentlss.
642 2613 881 2667 erentius
896 2630 1026 2668 vero
1045 2614 1152 2668 etsi
1167 2614 1227 2668 in
1243 2630 1328 2668 ce·
1408 2611 1632 2665 alliatae
1666 2612 1984 2667 comoediae
2016 2618 2203 2666 sextus
2228 2617 2441 2666 tant-um

254 2680 396 2734 teris
405 2680 566 2735 rebus
576 2697 779 2752 graeca
789 2683 1039 2752 exempla
1049 2687 1135 2736 sat
1144 2699 1330 2753 presse
1386 2697 1518 2734 ocus
1538 2680 1590 2734 ei
1607 2679 1893 2749 tribuitur3
1918 2685 1978 2735 at
2001 2681 2164 2736 valde
2183 2681 2440 2735 laudatur

252 2749 549 2818 reddebat,
560 2748 982 2805 contaminando
994 2756 1198 2819 tamen,
1209 2750 1330 2805 ubi·
1367 2767 1403 2803 a
1427 2747 1693 2804 Cicerone
1718 2754 1774 2804 et
1798 2747 2036 2804 Caesare
2068 2754 2294 2820 propter
2330 2750 2437 2803 ele-

251 2835 477 2940 ἐᾞέἲθ
502 2834 790 2940 {affl
808 2818 1049 2941 *33⁸3*
1066 2819 1330 2942 tm·
1367 2817 2056 2941 {fflfiofffifffflss
2071 2818 2438 2940 εῗὲξᾞξὲζῗὲὲ

255 2927 451 3024 quam⁷
465 2905 1218 3010 aemulorumpauctorftatem
1248 2928 1330 3010 ses
1365 2903 1476 3008 1113)
1516 2954 1685 3008 verbo
1718 2954 2186 3024 comprehendens
2216 2954 2297 3009 ait
2328 2955 2437 3009 Te-

253 3028 444 3078 cutus:
493 3028 551 3078 et
585 3023 803 3077 Andria
844 3028 902 3078 et
937 3024 1230 3095 Adelphos
1278 3030 1334 3078 et
1366 3023 1607 3078 rentium
1629 3032 1745 3077 arte
1765 3022 1987 3078 vincere
2012 3022 2139 3077 dici.

322 3312 519 3372 Novae
545 3313 803 3369 editionis
827 3314 1110 3386 parandae
1133 3313 1327 3367 funda-
1373 3311 1730 3381 Umpfenbach
1790 3311 1850 3367 in
1915 3313 2153 3369 editione
2209 3314 2438 3370 Terenti

251 3389 504 3438 mentum
551 3389 607 3437 et
652 3383 819 3438 debet
872 3388 930 3438 et
983 3387 1165 3454 potest
1210 3398 1328 3435 esse
1365 3379 1859 3448 (Berolini1870)m
1973 3400 2008 3436 a
2026 3400 2148 3438 cum
2167 3384 2437 3439 industria

253 3457 563 3524 apparatus
617 3452 862 3521 criticus,
919 3468 1085 3524 quem
1139 3452 1327 3505 Franc.
1364 3449 1454 3502 vel
1495 3464 1593 3502 sua
1631 3449 1808 3519 ipsius
1848 3466 1915 3504 ve
1972 3452 2269 3506 amicorum
2310 3469 2434 3507 con·

306 3623 361 3668 18'
386 3627 589 3674 Nimium
607 3625 693 3666 hoc
712 3628 758 3665 et
780 3637 808 3666 a
833 3623 1102 3666 rudimentis
1120 3623 1329 3673 palliatae
1365 3625 1559 3663 beretur.
1623 3622 1844 3664 Similiter
1878 3622 1934 3664 de
1970 3633 2025 3663 ea
2057 3635 2109 3665 re
2144 3625 2200 3667 G.
2234 3626 2437 3667 Boissier

254 3679 524 3720 comoediae
559 3677 779 3727 gradatim
824 3686 1089 3717 accrescens
1133 3676 1328 3715 studium
1365 3673 1487 3724 (Mel.
1508 3675 1662 3716 Graux
1689 3687 1732 3725 p.
1750 3675 1905 3716 'le—86
1936 3674 2022 3716 ‘Les
2042 3675 2264 3726 proloqu&
2289 3676 2341 3717 de
2360 3676 2435 3717 Τέ-

368 3741 444 3769 cas
488 3729 663 3769 fabulas
707 3739 839 3777 quam
884 3729 1082 3769 maxime
1132 3726 1328 3775 integras
1365 3723 1524 3776 rence')
1552 3725 1794 3775 disputavit
1820 3726 1908 3766 duo
1943 3738 2110 3776 genera
2135 3731 2433 3777 spectatorum

250 3782 398 3821 latine
443 3779 666 3820 reddendi
701 3780 891 3829 primam
931 3778 1329 3829 gravissimamque
1365 3779 1671 3817 Romanorum
1698 3778 1835 3816 fuisse
1863 3788 2106 3828 exponens,
2133 3779 2433 3821 litteratorum

253 3843 440 3872 causam
476 3830 638 3872 celerIs
683 3842 736 3870 ac
781 3840 924 3881 paene
959 3829 1218 3879 praecipitis
1262 3830 1329 3867 in-
1366 3833 1412 3867 et
1438 3839 1466 3867 a
1490 3829 1653 3869 litteris
1681 3829 1928 3879 studiisque
1954 3830 2128 3880 graecis
2156 3841 2338 3880 prorsus
2357 3833 2434 3872 ab·

250 3883 417 3924 teritus
436 3883 533 3923 eius
550 3883 699 3933 poesis
716 3884 893 3930 generis
911 3882 1047 3921 fnisse
1065 3884 1188 3930 puto.
1224 3890 1329 3919 nam
1364 3880 1661 3920 horrentium.

242 3945 361 3978 ,cum
379 3934 552 3983 proprii
578 3932 754 3982 ingenii
771 3933 1086 3973 additamentis
1112 3933 1330 3980 novisque
1417 3934 1467 3971 19
1501 3933 1572 3972 De
1606 3932 1879 3981 proprietate
1913 3913 2179 3972 Terentiani
2214 3935 2434 3974 sermonis

250 3986 643 4026 incrementorum
664 3983 897 4024 elementis
916 3984 986 4023 illi
1004 3983 1052 4022 in
1071 3982 1167 4022 dies
1188 3984 1330 4031 magis
1366 3982 1509 4032 deque
1525 3986 1728 4023 veterum
1747 3984 1797 4022 in
1815 3984 2208 4023 earetestimoniis
2217 3985 2432 4030 wnngel-

242 4037 386 4086 *quasi
422 4036 576 4078 dedita
612 4043 750 4084 opera
777 4039 986 4085 certoque
1015 4034 1205 4074 consilio
1232 4034 1329 4073 abs·
1366 4033 1537 4080 brecht,
1576 4034 1702 4074 Stud.
1739 4035 1844 4074 Ter.
1887 4044 1931 4082 p.
1969 4036 1991 4075 '1
2028 4045 2122 4084 sqq.
2174 4037 2246 4076 De
2281 4036 2434 4075 indole

250 4089 468 4136 tinemut,
488 4088 589 4128 fieri
607 4096 701 4126 non
726 4087 882 4137 potuit,
903 4087 1011 4137 quin
1029 4089 1173 4125 totum
1190 4096 1330 4134 genus
1365 4085 1653 4135 moribusque
1678 4088 1840 4134 poetae
1867 4088 1911 4124 et
1939 4085 1995 4125 de
2023 4086 2119 4126 eius
2136 4089 2316 4136 scriptis
2333 4089 2432 4127 sub·

250 4140 351 4182 cito
377 4140 604 4181 aresceret
629 4139 679 4179 et
701 4137 753 4179 in
769 4149 833 4192 se,
858 4140 911 4188 ut
925 4138 992 4180 ita
1008 4137 1169 4188 dicam,
1197 4136 1331 4177 colla-
1365 4137 1508 4177 tiliter
1523 4136 1675 4186 Bergk
1695 4137 1745 4176 in
1762 4135 1881 4178 Phil.
1901 4136 2007 4179 XVI
2022 4137 2099 4178 629
2114 4149 2180 4191 sq.
2198 4138 2381 4180 iudicat.
2411 4187 2416 4192 ,
