2792 4617
518 331 598 392 14

382 479 483 534 160

382 1233 484 1288 165

385 1789 486 1843 170

394 3107 495 3162 175
529 3097 656 3164 DA.

534 3666 623 3734 St.

399 3863 500 3917 280
532 3854 661 3918 DA.

1323 340 1623 396 ANDRIA
2355 335 2476 405 1,1.
2506 333 2548 389 2

686 464 924 541 Habet,
966 464 1039 528 ut
1080 474 1410 529 consumat
1442 464 1632 540 nune,
1676 482 1868 546 quom
1910 460 1999 525 nil
2035 460 2243 525 obsint
2281 459 2405 522 doli
2417 482 2436 536 3

684 557 897 639 Quem
957 580 1077 646 ego
1138 558 1324 623 credo
1384 557 1678 668 manibus
1739 556 2136 643 pedibusque
2206 553 2438 618 obnixe

685 747 1051 825 Facturum,
1087 747 1292 833 magis
1329 655 1609 823 ignuldleao,
1646 744 1800 810 mihi
1835 755 1906 809 ut
1938 741 2379 817 incommodet,
2465 754 2551 797 1⁸5

686 841 899 922 Quam
943 851 1015 906 ut
1066 841 1453 925 obsequatur
1504 840 1716 927 gnato,
1816 838 1927 904 So.
1999 833 2441 923 Quapropter?

684 1029 866 1094 Mala
898 1031 1096 1105 mens,
1132 1030 1336 1094 malus
1359 934 1641 1093 ῗὲἰῗιειί.
1714 1030 1905 1112 quem
1940 1026 2195 1111 quidem
2233 1045 2352 1111 ego
2387 1021 2443 1087 si

689 1215 820 1283 Sed
855 1216 1008 1300 quid
1044 1226 1232 1302 opust
1267 1125 1672 1281 uejlffituzelsssn·
1687 1170 1955 1293 eueniat,
1994 1213 2165 1299 quod
2198 1211 2366 1288 uolo,

689 1312 768 1375 In
802 1311 1141 1397 Pamphilo
1177 1321 1249 1375 ut
1282 1312 1371 1375 nil
1410 1314 1489 1376 sit
1524 1333 1758 1389 morae,
1795 1312 1989 1376 restat
2024 1308 2350 1383 Chremes,

688 1405 820 1487 Qui
854 1407 941 1469 mi
977 1406 1333 1470 exorandus
1369 1408 1492 1470 est:
1532 1417 1594 1472 et
1630 1427 1813 1492 spero
1851 1405 2125 1471 confore.
2474 1417 2563 1458 140

685 1500 749 1564 N
751 1521 877 1564 une
938 1500 1176 1565 tuomst
1228 1499 1547 1616 officiu'mz
1603 1499 1718 1566 has
1770 1501 1932 1565 bene
1983 1511 2055 1564 ut
2108 1496 2447 1563 adsimules

687 1685 1180 1752 Perterrefacias
1215 1605 1833 1764 Daubrlffitffgserues
1869 1687 2094 1764 filium,

689 1780 866 1863 Quid
901 1783 1067 1868 agat,
1104 1780 1257 1866 quid
1295 1804 1442 1846 eum
1473 1782 1580 1846 illo
1619 1783 1837 1847 consili
1875 1785 2100 1868 captet.
2173 1779 2284 1847 So,
2332 1777 2452 1844 Sat

691 1965 968 2034 Cur-abo.
1032 1966 1119 2033 81.
1156 1886 1713 2035 Eamugsuuneiam
1739 1970 1933 2034 intro:
1960 1969 2172 2055 iprae,
2201 1989 2450 2051 sequor.

1200 2431 1606 2513 ACTVS
1656 2433 1766 2512 II.

1152 2582 1362 2649 Suro
1535 2583 1600 2647 D
1622 2607 1828 2650 Avos

1161 2700 1353 2744 snm-:x
1566 2701 1791 2744 smwos

608 2865 623 2881 .
692 2813 840 2879 Non
876 2814 1218 2891 dubiumst,
1256 2814 1411 2896 quin
1445 2815 1707 2879 uxorem
1744 2816 1899 2880 nolit
1934 2815 2132 2893 fssius3
2481 2832 2527 2884 1,
2554 2835 2586 2874 2

695 2911 799 2974 Ita
831 2909 1089 2973 Duuom
1123 2908 1312 2972 modo
1350 2909 1570 2973 timere
1608 2910 1794 2987 sensi,
1832 2911 1942 2974 ubi
1977 2908 2226 2994 nuptias

694 3003 971 3067 Futuras
1010 3026 1147 3068 esse
1184 3002 1446 3069 audiuit.
1538 3005 1652 3068 sed
1685 3005 1819 3089 ipse
1857 3006 1985 3070 exit
2019 3005 2207 3069 foras.

694 3098 1002 3175 Mirabar,
1040 3097 1161 3162 hoe
1196 3098 1251 3162 si
1286 3099 1376 3162 sie
1414 3097 1636 3174 abiret,
1673 3101 1735 3164 et
1771 3100 1859 3165 eri
1894 3122 2142 3186 semper
2173 3098 2397 3163 lenitas

696 3193 984 3259 Verebar
1017 3214 1319 3276 quorsum
1355 3193 1669 3259 euaderet.
2527 3214 2562 3255 5

698 3286 830 3370 Qui
856 3290 1186 3374 postquam
1217 3289 1504 3354 audierat
1530 3289 1657 3354 non
1686 3290 1903 3355 datum
1929 3290 2007 3354 iri
2033 3289 2166 3353 fffio
2194 3291 2467 3353 uxorem

1377 3405 1513 3461 su0,

697 3477 1064 3560 Numquam
1100 3477 1443 3561 quoiquam
1470 3478 1756 3543 nostrum
1783 3479 2052 3543 uerbum
2077 3477 2225 3542 feeit
2250 3500 2464 3561 neque

1376 3571 1445 3636 id
1480 3574 1669 3658 aegre
1707 3572 1865 3639 tulit.

694 3647 787 3732 At
821 3687 991 3731 nune
1033 3665 1243 3744 faciet,
1279 3669 1509 3750 neque,
1546 3678 1619 3731 ut
1647 3666 1887 3751 opinor,
1926 3668 2061 3732 sine
2087 3678 2197 3731 tuo
2224 3665 2465 3752 magud

1376 3762 1563 3827 malo,

698 3853 780 3918 Id
811 3853 1031 3931 uoluit,
1068 3875 1183 3918 nos
1221 3854 1310 3920 sie
1344 3854 1779 3940 necopinantis
1817 3854 1961 3918 duci
1997 3853 2158 3918 falso
2192 3853 2452 3940 gaudie,

704 3948 1031 4034 Sperantis
1050 3948 1176 4012 iam
1197 3949 1406 4012 amoto
1433 3960 1626 4025 metu,
1655 3948 2140 4013 interosoitantis
2168 3948 2464 4034 opprimi,
2505 3974 2573 4015 ιο

702 4044 802 4109 Ne
837 4046 1001 4107 esset
1037 4041 1311 4129 spatium
1347 4042 1665 4129 cogitandi
1701 4042 1782 4107 ad
1817 4043 2261 4107 disturbandas
2295 4045 2470 4128 nup-

1376 4137 1524 4201 tias:
