2792 4617
2398 12 2415 36 ·.-
2438 12 2730 71 ‘W

556 296 684 361 244
1319 306 1738 363 ADELPHOE
2460 311 2535 377 11,
2560 311 2590 364 1

557 431 666 499 SA.
723 431 938 514 Quam
988 430 1161 494 rem?
1213 451 1339 515 quo
1391 429 1686 495 redeam?
1779 431 1905 496 An.
1965 431 2187 497 Iemne
2238 453 2341 498 me
2392 433 2490 496 uis

1406 524 1612 589 dicere
1647 524 1715 589 id
1749 525 1922 608 quod
1956 526 2037 589 ad
2072 538 2134 592 te
2167 526 2425 591 ettinet?

561 622 670 686 Sa.
726 617 958 705 Cupie,
994 615 1182 702 aequi
1208 618 1399 682 modo
1429 617 1687 702 aliquid.
1749 621 1874 682 An.
1912 620 2078 697 Vah,
2104 622 2250 686 leno
2276 620 2492 705 iniqua

1402 734 1505 776 me
1542 733 1671 776 non
1705 713 1837 777 uelt
1870 713 2064 798 loqui.

561 810 667 874 SA.
720 807 903 873 Lene
929 828 1089 882 sum,
1123 804 1433 892 pernicies
1463 806 1835 883 communis,
1873 805 2093 886 feteor,
2123 807 2490 873 adulescen-

1406 900 1586 977 tium,

723 994 1046 1072 Periurus,
1081 993 1305 1080 pestis3
1349 997 1562 1059 temen
1599 993 1713 1058 tibi
1746 1017 1786 1060 a
1819 1016 1922 1060 me
1956 994 2130 1060 nulla
2165 1005 2363 1061 ortast
2394 994 2491 1060 in-
2514 1010 2568 1054 ⁸⁶

644 1085 650 1089 ’
1403 1088 1583 1152 iuria.

425 1190 521 1242 ιιιι
561 1186 678 1248 ΑΒ.
715 1182 885 1248 Nam
936 1181 1147 1248 hercle
1190 1182 1380 1248 etiam
1425 1182 1547 1247 hoc
1589 1191 1801 1247 restat.
1893 1180 2003 1247 SA.
2048 1163 2213 1248 illuc
2256 1203 2489 1268 quaeso

1400 1274 1556 1353 redi,
1592 1297 1720 1360 quo
1756 1276 2038 1362 coepisti,
2077 1276 2415 1343 Aeschine.

557 1374 613 1434 A
625 1395 676 1436 τι.
729 1369 927 1435 Minis
998 1369 1226 1456 uiginti
1294 1370 1364 1434 tu
1432 1369 1605 1434 illam
1676 1371 1882 1436 emisti
1941 1369 2136 1455 (quae
2204 1393 2306 1436 res
2374 1370 2488 1436 tibi

1401 1466 1612 1528 uertat
1645 1465 1809 1529 male
1822 1464 1894 1545 1):

721 1556 994 1644 Argenti
1039 1566 1286 1621 tantum
1330 1557 1602 1622 dabitur.
1694 1556 1805 1623 SA.
1862 1556 2076 1639 Quid?
2120 1557 2174 1623 si
2217 1579 2338 1644 ego
2374 1556 2490 1622 tibi

1401 1651 1575 1715 illam
1610 1651 1756 1716 nolo
1792 1651 2089 1728 uendere,

721 1744 936 1832 Coges
963 1745 1103 1810 me?
1163 1744 1288 1810 An.
1323 1743 1637 1810 Minume.
1701 1744 1813 1811 SA.
1850 1746 2144 1831 Namque
2170 1747 2238 1811 id
2271 1745 2486 1811 metui.

666 1904 669 1909 ,
1401 1839 1524 1902 An.
1553 1839 1779 1923 Neque
1804 1840 2211 1905 uendundam
2240 1842 2487 1918 censen,

720 1932 910 2051 Quae
937 1932 1222 2008 liberast,
1249 1954 1400 1998 nam
1427 1953 1548 2017 ego
1574 1932 1819 1998 liberali
1846 1935 2020 1999 illam
2046 1935 2269 2000 Adsero
2297 1937 2489 2000 cause
2513 1954 2565 1994 ιο

1398 2048 1614 2091 manu.

417 2130 517 2182 *1515
718 2120 911 2185 Nunc
928 2117 1077 2195 uide
1096 2129 1307 2185 utrum
1325 2119 1447 2197 uis,
1476 2121 1809 2205 argentum
1828 2120 2112 2207 accipere
2130 2145 2212 2188 an
2231 2123 2488 2189 causam

1400 2214 1691 2279 meditari
1724 2224 1919 2280 tuam.

716 2307 1025 2375 Delibera
1064 2307 1213 2385 hoc,
1256 2306 1411 2373 dum
1456 2329 1577 2394 ego
1612 2309 1831 2385 rede0,
1874 2311 2038 2375 lene.
2075 2345 2161 2359 -—
2201 2311 2313 2379 SA.
2357 2311 2489 2378 Pte

1398 2424 1691 2488 supreme
1725 2403 2031 2489 Iuppiter,

717 2498 1013 2563 Minume
1048 2494 1243 2560 miror
1275 2497 1387 2580 qui
1422 2497 1697 2562 insanire
1734 2497 2051 2582 occipiunt
2086 2521 2167 2564 ex
2200 2499 2444 2565 iniuria.

717 2591 934 2657 Demo
971 2613 1074 2656 me
1109 2591 1356 2676 eripuit,
1402 2590 1792 2667 uerberauit3
1836 2613 1940 2657 me
1980 2593 2180 2659 inuito
2223 2593 2489 2660 abduxit

1402 2707 1639 2762 meam3

717 2779 986 2846 Hemini
1029 2778 1257 2844 misero
1300 2778 1445 2864 plus
1481 2778 1860 2864 quingentos
1894 2781 2192 2867 celaphos
2231 2782 2488 2870 infregit
2510 2802 2564 2845 4⁵

1401 2871 1576 2936 mihi.

417 2982 517 3030 em]
721 2947 832 3034 Ob
866 2915 1204 3034 malefacta
1236 2966 1394 3033 haec
1429 2965 1733 3031 tantidem
1762 2978 2039 3054 emptam
2062 2971 2340 3056 pestulat
2368 2971 2488 3037 sibi

1403 3060 1655 3124 tredier.

716 3159 962 3225 Verum
997 3154 1167 3220 enim
1200 3152 1455 3238 quando
1500 3154 1663 3219 bene
1707 3155 2073 3239 promeruit,
2116 3155 2261 3222 fiat·
2305 3181 2487 3224 suom

1399 3247 1499 3313 ius
1533 3248 1828 3332 pestulat.

720 3326 931 3431 Age
913 3366 1041 3407 lam
1085 3341 1302 3428 cupio,
1346 3343 1401 3406 si
1444 3341 1632 3405 modo
1678 3349 2012 3428 argentum
2053 3342 2296 3408 reddat.
2378 3346 2488 3410 sed

1404 3456 1525 3520 ego
1560 3434 1680 3500 hoc
1714 3434 2016 3499 hariolor-

719 3512 853 3598 Vbi
888 3552 990 3596 me
1026 3529 1245 3594 dixere
1281 3489 1482 3594 daree
1468 3530 1647 3606 tanti,
1684 3529 1860 3594 testis
1894 3527 2085 3594 faciet
2116 3528 2283 3607 ilice,

720 3624 1100 3694 Vendidisse
1135 3625 1266 3702 me3
1302 3622 1384 3688 de
1421 3634 1683 3708 argento
1720 3622 2064 3688 semnium·
2102 3631 2311 3702 ‘3mox
2345 3629 2485 3693 cres
2509 3646 2560 3688 ω

1398 3716 1574 3782 redi.'

421 3826 517 3878 Ἦιῑ.
721 3796 802 3880 id
846 3834 1100 3898 quoque
1133 3834 1394 3899 possum
1427 3812 1612 3888 ferre,
1656 3811 1846 3876 modo
1881 3811 1935 3876 si
1975 3812 2219 3891 reddat,
2263 3836 2486 3899 quam-

1403 3928 1595 3991 quam
1628 3905 2001 3972 iniuriumst.

720 4005 965 4074 Verum
1034 4001 1242 4088 cogito
1301 4001 1367 4065 id
1430 4001 1601 4084 quod
1662 4023 1761 4065 res
1823 4011 1945 4065 est:
2017 4003 2271 4084 quando
2339 4026 2487 4070 eum

1400 4107 1731 4182 quaestum
1765 4097 2104 4186 occeperis,
