2792 4617
1175 333 1516 376 pamm-rto
2285 317 2435 377 'xm

223 433 359 500 ‘etsi
425 444 498 499 eli
575 445 686 498 ndo
758 442 937 515 magis
1001 459 1167 513 quam
1240 458 1328 496 ex·
1364 456 1760 513 usquequaque
1784 442 1963 513 excipi
1995 443 2119 498 aliis
2140 444 2436 500 trochaicis

244 460 582 582 haurientffi,
624 511 1141 583 antiquissimorum,
1174 516 1328 592 quot·
1366 510 1632 581 versibus,
1666 512 1834 567 etiam
1864 529 2009 567 nunc
2032 519 2152 566 rata
2174 520 2435 585 certaque

246 587 389 652 quot
444 582 714 653 indagare
768 587 1012 652 poterat,
1079 581 1331 635 codlcum
1365 580 1602 634 habetur
1611 583 1672 633 11.
1744 581 1962 635 omnino
1986 587 2169 636 autem
2195 599 2305 651 eos,
2339 583 2436 653 qui

243 650 586 705 lectionibus
640 656 913 719 uteretur,
972 648 1330 704 subtilissima
1366 648 1614 702 strictam
1659 649 2067 719 responsionem
2123 652 2179 704 in
2234 652 2434 705 consti-

243 717 587 773 observandi
626 719 893 773 facultate
927 724 1097 789 atque
1132 715 1331 771 eximia
1364 717 1583 770 tuendis
1638 717 1868 770 Terenti
1924 718 2154 772 canticis
2212 719 2435 773 efficere

223 787 697 869 'totius-linguae
741 787 951 868 latinae
998 786 1328 857 cognitione,
1365 791 1644 866 conentur,
1669 785 1874 867 ifrustra
1892 801 2013 840 esse
2030 792 2190 857 put03
2216 789 2437 870 chorica

244 872 502 978 isscgtaeffii
541 872 700 978 felici³
724 871 977 978 {gulaltgurttiig
1009 861 1328 989 ἶὲἓῗὶὲἕθῖ,
1363 869 1946 1003 ξιιιιιιιῗῗίῗιξὲἓῃέθξιῗξι·
1978 857 2434 995 stropffi'ffioecglnss

245 1007 365 1045 non
389 1008 523 1046 suae
546 998 759 1046 tantum
784 992 1001 1060 aetatis,
1026 992 1123 1046 sed
1146 996 1327 1061 poste-
1365 991 1637 1060 positione
1677 993 1992 1059 utebantur,
2033 992 2092 1046 in
2131 993 2255 1064 ipsa
2294 1010 2438 1048 nova

244 1076 440 1114 rorum
453 1077 668 1142 quoque
682 1061 881 1114 studiis
891 1060 950 1113 in
1002 1066 1127 1114 oeta
1143 1065 1329 1113 nostro
1365 1059 1664 1128 comoedia,
1698 1075 1865 1129 quam
1895 1060 2055 1114 latini
2088 1062 2283 1115 comici
2314 1062 2435 1116 imi-

244 1128 328 1181 im
374 1145 537 1197 ensis,
580 1146 683 1183 nec
713 1133 927 1183 tantum
1013 1127 1326 1195 erentianis,
1363 1127 1641 1196 tabantur,
1666 1143 1777 1181 non
1799 1128 1910 1182 iam
1928 1130 2107 1183 locum
2124 1130 2435 1200 habebant3

248 1213 314 1250 se
382 1198 601 1251 omnino
619 1196 967 1279 philologieis
984 1197 1197 1265 studiis,
1216 1212 1327 1250 me·
1363 1196 1563 1250 melica
1608 1201 1793 1250 autem
1837 1196 1951 1266 illa,
2005 1213 2146 1267 quae
2194 1204 2435 1253 aetatem

244 1264 429 1321 tricae
451 1266 797 1335 potissimum
827 1265 963 1319 artis
993 1264 1211 1336 legibus
1241 1281 1326 1318 sa-
1363 1264 1623 1334 tulerunt,
1646 1281 1850 1337 magna
1868 1281 1934 1319 ex
1953 1272 2111 1336 parte
2129 1266 2247 1321 sine
2268 1268 2435 1322 dubio

331 1334 474 1388 citer
513 1334 827 1405 exploratis,
873 1333 1164 1404 plurimum
1204 1349 1327 1404 pro-
1363 1332 1741 1398 ἀπολελυμένα
1795 1340 1975 1402 erant,
2042 1335 2123 1388 ita
2172 1341 2234 1390 ut
2284 1337 2435 1407 apud

318 1403 390 1470 ’t3
432 1403 666 1458 alterum
697 1404 1077 1456 Fleckeisenum
1118 1400 1327 1473 signifi-
1363 1401 1562 1455 latinos
1592 1402 1808 1456 illorum
1838 1402 2167 1473 interpretes
2200 1405 2434 1475 strophi-

249 1471 397 1538 cavi,
411 1472 507 1542 qui
524 1477 582 1525 et
594 1473 725 1527 God.
735 1472 1041 1537 Her-manni,
1053 1471 1326 1535 ffltschelii,
1363 1486 1487 1524 cam
1510 1472 1847 1525 canticorum
1882 1472 2329 1541 compositionem
2353 1473 2434 1526 in-

250 1538 488 1594 aliorum
507 1540 756 1594 doctrina
774 1538 1039 1593 scaenicis
1057 1538 1327 1593 Romano-
1363 1539 1400 1591 d
1478 1539 1697 1593 antibus
1720 1539 1880 1593 nobis
1911 1556 2001 1594 res
2032 1541 2121 1593 vix
2154 1541 2287 1594 satis
2311 1558 2433 1611 pro-

245 1625 377 1661 rum
415 1608 595 1690 poetis
635 1607 931 1663 utilissima
968 1606 1230 1672 imbutus,
1273 1613 1330 1661 et
1365 1623 1429 1661 ce
1469 1612 1541 1661 at.
1612 1612 1762 1661 recte
1796 1607 1968 1728 igitur
1993 1607 2146 1662 Frid.
2171 1609 2289 1662 Leo
2314 1609 2430 1674 (Dt.

245 1676 376 1747 ipse
418 1677 624 1730 rudicio
669 1692 936 1747 perquam
982 1691 1115 1729 sano
1161 1682 1327 1744 atque
1365 1675 1474 1728 Lit.
1503 1675 1638 1728 1882
1702 1716 1714 1728 .
1740 1676 1863 1743 93⁴)
1891 1677 2166 1731 monuisse
2196 1678 2433 1747 videtur,

248 1744 394 1799 artis
417 1744 642 1799 criticae
659 1761 864 1816 magna
885 1743 1104 1814 peritia,
1140 1744 1328 1798 subtili
1364 1743 1581 1797 cantica
1619 1744 1661 1796 il
1683 1761 1719 1798 a
1757 1746 2120 1815 componendi
2161 1751 2335 1799 artem
2369 1764 2436 1801 ex

246 1829 603 1867 numerorum
636 1830 799 1868 sensu
832 1829 898 1866 ac
935 1829 1146 1866 summa
1179 1818 1325 1866 vete-
1363 1812 1585 1865 musicis
1625 1812 1809 1882 potius
1840 1812 2145 1868 rationibus
2185 1814 2432 1869 iudican-

247 1899 377 1935 rum
399 1882 724 1953 scriptorum
758 1882 1069 1952 cognitione
1101 1898 1233 1934 usus
1256 1881 1328 1934 ad
1365 1880 1492 1933 dam
1516 1896 1636 1934 esse
1647 1881 1711 1933 12.

248 1950 581 2005 Terentium
637 1951 910 2005 edendum
963 1951 1044 2003 ita
1101 1954 1328 2019 paratus
1430 1948 1519 2002 De
1537 1951 1862 2002 stichicorum
1878 1966 2133 2004 versuum
2152 1955 2271 2005 arte
2285 1953 2433 2022 quod

248 2024 394 2086 erat,
426 2025 489 2072 ut
522 2020 639 2073 eius
671 2019 841 2072 editio
921 2024 1173 2088 ostquam
1203 2034 1327 2088 pro-
1361 2017 1452 2070 vel
1475 2017 1556 2070 ad
1590 2018 1926 2088 singulorum
1998 2021 2160 2073 edum
2192 2020 2433 2074 rationes

248 2087 362 2140 diit
416 2087 664 2158 (Lipsiae
719 2104 770 2141 a.
829 2038 1012 2155 1337),
1069 2088 1328 2157 vulgatae
1361 2086 1452 2139 vel
1492 2085 1565 2139 ad
1605 2102 1861 2140 caesuras
1899 2102 1966 2140 ve
2028 2090 2100 2142 ad
2141 2089 2433 2143 verborum

245 2157 430 2210 instar
489 2157 810 2224 haberetur,
875 2171 1207 2225 quamquam
1260 2170 1327 2207 eo
1362 2159 1650 2207 accentum
1698 2172 1821 2208 cum
1897 2172 2152 2210 versuum
2207 2174 2432 2211 numero

245 2225 395 2295 ipso,
429 2224 575 2294 quod
599 2224 1032 2293 Umpfenbachii
1056 2228 1327 2293 apparatu
1363 2223 1784 2277 consociandum
1835 2224 2058 2293 attinet,
2114 2227 2431 2281 recentioris

246 2292 448 2347 critico
471 2309 660 2347 carere
685 2292 942 2360 debebat,
974 2292 1158 2345 multis
1192 2292 1326 2345 locis
1361 2292 1595 2345 maxime
1628 2292 1827 2346 aetatis
1858 2293 2108 2348 homines
2132 2294 2278 2348 docti
2307 2312 2431 2349 cum

244 2377 365 2415 non
409 2362 521 2416 iam
569 2378 693 2416 eam
737 2360 1050 2414 fabularum
1095 2359 1326 2413 formam
1362 2360 1635 2428 permulta
1679 2366 1737 2414 et
1782 2366 1935 2415 recte
1983 2367 2039 2416 et
2087 2362 2296 2417 utiliter
2334 2364 2431 2418 ob-

247 2430 742 2499 condicionemque
782 2429 1048 2550 lpraebet,
1107 2428 1327 2498 qualem
1362 2428 1713 2497 servaverint,
1742 2433 1860 2482 tum
1884 2445 2031 2511 νει-ο,
2062 2435 2125 2482 ut
2147 2431 2320 2484 libere
2349 2432 2430 2485 fa·

246 2498 693 2568 antiquissimam
714 2512 781 2551 ve
834 2496 1038 2568 genuin
1076 2514 1131 2550 m
1155 2496 1325 2551 fuisse
1361 2501 1484 2548 tear
1542 2496 1601 2549 in
1641 2512 1706 2549 eo
1746 2496 1901 2550 nimii
1946 2497 2117 2551 fuisse
2156 2497 2428 2570 videntur,

245 2585 399 2622 nunc
425 2566 763 2621 confidimus.
1361 2536 1512 2632 quod
1557 2580 1724 2635 saepe
1770 2582 1929 2619 usum
1974 2567 2046 2619 ad
2103 2566 2429 2623 severiorem

325 2638 830 2703 Canticorum,quae
840 2632 1324 2687 extantinTerenti
1361 2633 1637 2702 quandam
1677 2648 1923 2688 normam
1964 2633 2216 2705 redigere
2262 2643 2430 2706 atque

244 2703 479 2772 fabulis,
505 2704 800 2773 compositio
821 2718 944 2756 cum
961 2701 1048 2754 his
1065 2701 1325 2772 proximis
1362 2717 1429 2754 ex
1467 2700 1759 2755 multorum
1801 2704 2169 2773 exemplorum
2204 2721 2430 2759 consen·

245 2773 414 2827 annis
453 2772 786 2844 permultum
824 2775 1064 2824 tractata
1104 2775 1161 2824 et
1239 2786 1323 2823 ro-
1360 2770 1513 2823 sione
1553 2770 1735 2842 legem
1775 2769 1980 2840 ubique
2020 2773 2293 2827 valentem
2337 2775 2429 2828 de-

243 2842 419 2908 fecto,
461 2842 508 2894 si
547 2840 779 2911 singulis
825 2838 962 2909 ipsis
1008 2843 1220 2892 auctori
1260 2856 1325 2891 us
1362 2839 1563 2893 ducere
1619 2838 1929 2893 studebant.
2016 2840 2153 2895 mihi
2218 2842 2430 2897 cautius

244 2910 480 2965 credere
504 2909 688 2977 liceat,
712 2909 877 3015 Elasse
899 2908 1012 2960 iam
1035 2913 1326 2978 perspecta
1360 2907 1637 2989 agendum
1662 2924 1780 2961 esse
1814 2908 1956 2989 duco
1990 2914 2046 2963 et
2076 2910 2263 2991 multis
2294 2910 2430 2965 locis

233 2978 885 3116 {ssibssffidssaifgffie
913 2976 1325 3098 tssffleffisssdiffiss
1361 2976 2066 3112 ὲᾚῗιὶἷῗὲῖᾳέἓῗέῗῗῗέἓε
2079 2995 2431 3104 {iis-¹332}

234 3115 550 3186 pausillum
591 3113 834 3168 discissis
877 3112 1123 3166 involuta
1167 3113 1320 3167 latet.
1362 3112 1531 3166 etiam
1566 3128 1755 3166 sensus
1786 3113 2011 3181 quidam
2050 3115 2302 3169 subtilior
2331 3133 2429 3170 nu·

239 3201 362 3238 una
384 3182 504 3237 fere
527 3183 632 3252 lex,
668 3197 811 3253 quae
834 3181 907 3236 ad
929 3181 1175 3251 rhythmi
1198 3198 1322 3236 con·
1359 3196 1632 3235 merorum
1654 3188 2019 3237 correcturam
2048 3189 2113 3238 ut
2145 3184 2429 3255 faciamus,

236 3251 613 3305 tinuationem
646 3254 864 3321 spectat
891 3254 948 3303 et
979 3255 1131 3303 recte
1153 3249 1267 3304 iam
1291 3267 1324 3303 a
1360 3250 1573 3303 suadet.

232 3319 508 3374 Bentleio
531 3320 677 3387 (adn.
702 3319 775 3373 ad
798 3318 972 3371 Andr.
993 3319 1052 3371 ΙΙ
1077 3318 1126 3385 1,
1151 3318 1204 3385 7)
1228 3319 1321 3374 ob-
1428 3318 1495 3371 In
1560 3319 1964 3388 orthoqraphicah
2028 3320 2194 3374 rebus
2255 3320 2428 3374 diver-

234 3393 474 3443 servata
515 3392 622 3456 est,
671 3385 978 3442 octonarios
1017 3386 1324 3442 trochaicos
1362 3386 1582 3440 sitatem
1653 3385 1952 3442 formarum
2021 3389 2153 3442 satis
2221 3389 2430 3442 evitare

1362 3454 1547 3508 studui
1576 3455 1665 3508 vel
1703 3460 1846 3523 tum,
1890 3473 2011 3509 cum
2047 3456 2289 3510 diversas
2322 3456 2428 3510 for-

228 3548 235 3554 ·
296 3546 352 3586 10
379 3541 479 3583 cart
494 3541 689 3594 com-affl,
707 3544 909 3583 amatr.
922 3541 1130 3591 compos.
1141 3542 1186 3582 d.
1199 3541 1324 3583 com.
1362 3539 1480 3576 mas
1497 3522 1795 3593 antiquitus
1812 3524 2047 3578 traditas
2064 3543 2183 3579 esse
2202 3525 2431 3578 concedi

228 3595 290 3637 d.
307 3597 420 3635 Ter.
448 3593 624 3645 (Berlin
642 3593 777 3643 1876),
806 3595 883 3643 qui
911 3594 967 3632 de
997 3593 1325 3643 distinguendis

236 3647 535 3699 potissimum
553 3646 755 3685 stichicis
783 3649 831 3685 et
857 3645 1016 3684 mutati
1033 3646 1211 3695 generis
1229 3657 1325 3686 ver·
1414 3649 1461 3686 11
1490 3647 1679 3685 Minoris
1700 3646 1933 3695 momenti,
1963 3647 2168 3696 quamuis
2195 3648 2317 3686 recte
2343 3646 2431 3686 for·

240 3700 374 3739 sibus
420 3699 590 3746 optime
633 3698 819 3737 meritus
872 3700 941 3736 est
984 3695 1044 3744 (v,
1087 3697 1191 3737 Jen.
1235 3698 1325 3737 Lit.
1361 3700 1480 3736 tasse
1499 3698 1782 3737 observatum
1804 3700 1883 3747 est,
1902 3700 2021 3747 quod
2040 3698 2090 3738 Β.
2101 3696 2216 3738 Bom
2230 3697 2320 3747 (De
2339 3698 2431 3738 div.

238 3751 444 3798 Zeitung
471 3750 572 3789 1877
606 3758 651 3797 p.
679 3749 730 3788 59
757 3747 895 3798 sqq.);
921 3744 1035 3787 M.
1062 3747 1230 3794 Schlee,
1256 3749 1326 3788 De
1363 3760 1433 3797 ap.
1454 3749 1556 3788 Ter.
1585 3759 1700 3789 vers.
1719 3749 1994 3799 Magdeburg
2011 3751 2111 3791 1868
2129 3760 2171 3798 p.
2189 3748 2233 3797 5)
2261 3750 2431 3797 statuit,

238 3812 368 3842 vers.
410 3799 464 3839 in
507 3804 627 3839 cant.
673 3800 778 3840 Ter.
824 3799 1143 3840 consecutione
1186 3798 1325 3850 (Diss.
1364 3800 1444 3839 ubi
1469 3801 1672 3840 senarius
1707 3800 2036 3840 immisceretur
2062 3800 2228 3841 diversi
2254 3800 2434 3840 numeri

239 3855 403 3900 inaug.
432 3851 639 3891 Berolini
665 3850 799 3900 1879),
835 3850 914 3901 qui
948 3850 1126 3900 singula
1151 3852 1329 3891 cantica
1363 3851 1581 3896 versibus,
1621 3853 1698 3890 aut
1731 3853 1997 3891 antecedere
2022 3851 2087 3892 ibi
2119 3855 2197 3891 aut
2223 3852 2433 3901 subsequi

240 3905 295 3943 in
331 3903 549 3952 periodos
585 3900 678 3952 (vel
713 3901 912 3951 ordines)
948 3901 1249 3942 distribuendi
1285 3906 1330 3942 et
1364 3902 1667 3951 septenarium
1685 3902 1978 3943 trochaicum.

403 3964 432 3993 a
474 3964 688 3995 versuum
735 3963 902 4002 genera
952 3953 1073 3993 inter
1122 3965 1169 3994 se
1223 3965 1326 3994 con·
1419 3955 1466 3993 12
1500 3954 1620 3993 Ante
1639 3954 1811 4004 omnis,
1839 3957 1890 3992 ut
1907 3956 2088 4003 opinor,
2115 3951 2432 4004 clausularum,

230 4005 1008 4116 ‚2¹2¹3⁸30¹¹;2332¹;4¹:2?13¹3¹3.‘;¹2103
1025 4008 1330 4097 ffi‘issff‘i‘iff
1365 4004 2435 4105 ffliffi‘xsmnxxrfflffsssaeutfflffi

241 4107 523 4157 Eurythmia
543 4105 617 4160 (N.
626 4106 787 4149 Jahrb.
807 4107 838 4146 f.
846 4105 965 4148 Phil.
977 4106 1332 4158 Suppl.·Bd.X11
1365 4107 1626 4147 universam
1642 4106 1921 4147 canticorum
1938 4110 2207 4149 structuram
2221 4108 2436 4158 indagan-

224 4157 495 4211 ’ωδ-4588).
1369 4160 1474 4201 dam
1492 4157 1819 4210 aggrediamur.
2419 4175 2424 4184 ·
