2792 4617
2385 13 2769 249 ’Ἦ

556 282 679 353 198
1367 298 1681 356 HEOYRA
2350 300 2591 356 Pro1.11
2623 254 2632 265 ¹

553 419 747 504 Quod
780 422 834 487 si
868 420 1242 507 scripturam
1275 424 1657 510 spreuissem
1691 423 1757 488 in
1791 421 2147 510 praesentia

447 540 516 594 25
549 523 638 589 Et
672 524 739 589 in
774 524 1143 590 deterrendo
1177 525 1522 592 noluissem
1556 548 1816 612 operam
1850 527 2118 605 sumere,

550 627 643 695 Vt
676 627 743 691 in
778 627 905 693 utio
941 639 1106 694 esset
1138 628 1346 714 potius
1382 651 1577 714 quam
1608 629 1674 694 in
1709 629 1992 715 negotio:

549 726 1018 795 Deterruissem
1052 730 1258 809 fucile,
1294 754 1374 797 ne
1410 732 1566 797 alias
1601 731 1921 799 scriberet.

544 830 736 897 Nunc
770 833 924 917 quid
957 844 1188 919 petam,
1225 856 1367 899 mea
1402 836 1596 899 causa
1630 855 1833 918 aequo
1870 833 2078 901 animo
2114 830 2434 899 attendite.
2505 849 2566 891 ²0

546 933 870 1020 Hecyram
903 935 987 999 ad
1021 957 1138 1000 uos
1172 936 1400 1015 refero,
1436 938 1631 1021 quum
1663 935 1819 1001 mihi
1852 959 1966 1023 per
1983 935 2316 1005 'siluntium

445 1052 514 1108 30
545 1034 915 1123 Numquam
941 1040 1133 1123 agere
1158 1038 1488 1104 licitumst:
1515 1041 1605 1104 ita
1630 1062 1770 1107 eam
1797 1038 2108 1125 oppressit
2131 1037 2475 1105 calamitas.

546 1138 713 1204 Eam
747 1140 1166 1206 calamitatem
1198 1141 1415 1206 ndstra
1445 1141 1877 1228 intellegentia

547 1239 832 1318 Sedabit,
868 1242 922 1308 si
957 1243 1074 1308 erit
1106 1242 1378 1308 adiutrix
1413 1255 1666 1310 nostrae
1699 1243 2063 1309 industriae.

546 1342 761 1426 Quom
796 1347 1069 1430 primum
1104 1369 1247 1412 eam
1281 1368 1473 1432 agere
1508 1347 1709 1432 coepi,
1745 1346 2034 1433 pugilum
2070 1346 2288 1433 glut-ia,
2501 1361 2562 1405 25

545 1444 964 1533 [Funambuli
999 1448 1222 1514 eodem
1255 1448 1522 1515 accessit
1556 1446 1940 1534 expectatio]

440 1565 509 1621 35
545 1547 864 1615 Comitum
903 1563 1274 1628 conuentus,
1312 1551 1631 1637 strepitus,
1668 1551 1906 1620 clamor
1939 1550 2270 1619 mulierum

540 1652 781 1718 Fecere
814 1663 886 1718 ut
920 1664 1065 1720 ante
1099 1655 1348 1739 tempus
1385 1653 1622 1719 exirem
1658 1654 1848 1720 foras.
1881 1642 1886 1647 ’

543 1754 778 1822 Vetere
810 1758 877 1821 in
912 1779 1084 1822 noua
1118 1756 1297 1842 coepi
1331 1750 1427 1822 uti
1461 1756 1937 1834 consuetudine,

539 1857 622 1921 In
655 1858 1043 1943 experiundo
1077 1869 1149 1924 ut
1182 1861 1417 1925 essem:
1453 1860 1658 1926 refero
1695 1860 1919 1924 denuo.
2497 1876 2555 1918 so

538 1959 757 2024 Primo
790 1964 939 2027 actu
972 1962 1211 2048 place0.
1280 1983 1478 2045 quom
1510 1964 1750 2028 interea
1782 1963 1999 2027 rumdr
2030 1959 2206 2026 uenit

436 2077 508 2134 40
541 2061 785 2127 Datum
819 2063 897 2129 iri
930 2064 1328 2151 gladiatores,
1363 2050 1636 2152 populus
1672 2065 1980 2144 cunuolat,

540 2165 1035 2232 Tumultuantur
1069 2169 1343 2234 clamant
1376 2178 1666 2254 pugnant
1696 2167 1777 2233 de
1810 2169 1979 2233 loco:

541 2268 686 2355 Ego
719 2269 960 2337 interea
991 2294 1208 2337 meum
1240 2294 1369 2337 non
1403 2271 1579 2357 putui
1612 2274 1802 2336 tutari
1833 2270 2061 2336 locum.

538 2371 729 2438 Nunc
763 2373 950 2438 turba
981 2396 1110 2440 non
1143 2385 1266 2441 est:
1306 2374 1506 2440 utium
1539 2385 1603 2441 et
1638 2373 2042 2440 silentiumstz
2493 2390 2546 2434 ⁸⁵

537 2476 798 2562 Agendi
833 2487 1082 2563 tempus
1117 2477 1271 2542 mihi
1308 2478 1614 2555 datumst3
1650 2477 1832 2542 uobis
1868 2477 2052 2541 datur

431 2590 503 2647 45
534 2578 829 2645 Potestas
864 2581 1324 2649 condecorandi
1355 2582 1540 2647 ludos
1577 2580 1918 2659 scaenicos.

535 2681 750 2747 Nolite
787 2681 990 2749 sinere
1024 2685 1140 2771 per
1172 2706 1288 2749 uos
1324 2694 1527 2748 artem
1558 2682 1865 2747 musicam

536 2784 844 2851 Recidere
878 2785 961 2851 ad
995 2807 1259 2872 paucos:
1296 2785 1485 2851 facite
1519 2795 1592 2849 ut
1625 2795 1840 2849 uostra
1873 2782 2209 2849 auctoritas

530 2886 724 2952 Meae
760 2888 1117 2954 auctoritati
1151 2889 1387 2954 fautrix
1423 2888 1821 2973 adiutrixque
1856 2887 1954 2952 sit.
2488 2903 2541 2945 40

537 2987 642 3075 [Si
674 3012 1020 3075 numquam
1056 3014 1249 3056 auare
1283 2991 1557 3079 pretium
1592 2991 1781 3056 statui
1825 2989 1943 3056 arti
1976 3011 2155 3054 meae

429 3104 500 3159 50
532 3091 620 3157 Et
654 3114 801 3159 eum
835 3117 973 3160 esse
1008 3105 1342 3179 quaestum
1375 3093 1444 3158 in
1479 3093 1759 3159 animum
1792 3091 2014 3158 induxi
2046 3112 2436 3170 maxumum,

534 3194 746 3276 Quam
782 3219 1078 3263 maxume
1114 3197 1349 3262 seruire
1383 3196 1613 3261 uostris
1650 3194 1994 3261 commodis
2006 3191 2049 3280 ε]

536 3296 737 3363 Sinite
770 3300 1109 3384 impetrare
1143 3301 1264 3377 me,
1300 3299 1412 3382 qui
1444 3298 1511 3365 in
1544 3299 1830 3364 tutellam
1864 3321 2071 3363 meam

531 3399 830 3466 Studium
867 3424 1049 3467 suom
1085 3413 1147 3466 et
1180 3425 1249 3467 se
1282 3401 1349 3466 in
1385 3403 1665 3467 udstram
1701 3400 2011 3467 commisit
2043 3400 2256 3479 fidem,
2485 3418 2540 3461 45

528 3503 630 3568 Ne
666 3525 811 3568 eum
847 3505 1349 3570 circumuentum
1382 3505 1597 3588 inique
1633 3504 1831 3587 iniqui
1864 3503 2194 3569 inrideant.

426 3618 494 3673 55
528 3605 685 3672 Mea
719 3606 912 3671 causa
947 3628 1206 3671 causam
1241 3606 1508 3692 accipite
1544 3618 1606 3671 et
1642 3606 1788 3683 date
1825 3605 2161 3682 silentium,
2277 3680 2282 3685 p

527 3708 619 3775 Vt
653 3708 870 3773 lubeat
905 3707 1178 3774 scribere
1214 3708 1351 3773 aliis
1385 3707 1665 3791 mihique
1700 3718 1772 3773 ut
1806 3708 2046 3774 discere

524 3809 741 3875 Nonas
778 3809 1072 3896 expediat
1107 3810 1370 3895 pusthac
1406 3810 1607 3896 pretio
1644 3812 1885 3895 emptas
1918 3831 2080 3876 meo·
