2792 4617
2408 7 2428 26 π
2479 3 2710 69 ’πμπ-
2778 3 2780 83 Ν

544 243 668 323 140
1287 267 1707 333 'EVNVOHVS
2317 227 2320 231 ’
2366 279 2439 350 v,
2462 280 2574 335 3..4

537 394 656 460 Pr.
699 394 909 460 Probe
944 397 1166 481 edepol
1201 419 1420 462 narras
1433 422 1451 475 3
1488 421 1637 463 nam
1674 399 1766 463 illi
1800 399 1988 465 faueo
2022 400 2273 486 uirgini.

707 489 804 555 Ite
836 491 1032 554 intro:
1068 491 1196 554 iam
1231 491 1475 556 dudum
1510 494 1618 556 era
1650 515 1766 557 uos
1803 497 2098 579 expectat
2133 494 2323 560 domi.
2358 532 2445 543 —

706 586 931 653 Virum
966 586 1204 651 bonum
1240 609 1460 653 eccum
1494 585 1959 654 Parmenonem
1994 590 2283 656 incedere

703 680 936 746 Video:
982 680 1130 747 uide
1163 690 1236 746 ut
1269 681 1509 747 otiosus
1542 681 1618 747 it!
1664 682 1720 746 si
1753 681 1849 748 dis
1884 683 2112 769 placet,
2495 703 2547 742 1⁰

397 777 502 834 920
705 773 906 861 Spere
972 798 1077 842 me
1146 775 1408 854 habere,
1486 777 1597 860 qui
1662 775 1833 843 hunc
1900 801 2043 844 meo
2113 779 2469 846 excruciem

1377 871 1587 935 modo.

699 962 819 1028 Ibo
850 965 1036 1040 intro,
1073 964 1153 1030 de
1189 965 1548 1051 cognitione
1581 975 1652 1030 ut
1688 965 1929 1030 certum
1965 966 2190 1032 sciam:

697 1055 858 1122 Post
891 1057 1077 1124 exibo
1113 1068 1303 1143 atque
1337 1058 1507 1124 hunc
1541 1059 1904 1144 perterrebo
1940 1059 2336 1146 sacrilegum.

1023 1320 1431 1389 PAnianuo
1584 1322 1963 1390 PwrlnAs

1094 1437 1319 1482 smtvos
1622 1437 1887 1483 mmm

525 1528 641 1592 Pi.
689 1527 942 1604 ReuisO,
981 1525 1138 1609 quid
1171 1549 1317 1591 nam
1356 1523 1646 1592 Chaerea
1681 1526 1784 1593 hic
1818 1528 2026 1592 rerum
2064 1536 2261 1613 gerat.
2460 1546 2519 1596 v,
2540 1547 2571 1587 4

693 1620 885 1701 Quod
920 1621 972 1685 si
1006 1622 1150 1685 estu
1183 1642 1320 1686 rem
1354 1621 1668 1698 tractauit,
1706 1620 1771 1685 di
1805 1624 2086 1685 uostram
2120 1621 2331 1699 fidem,

389 1725 489 1780 [Ἐξ-ι
693 1713 1016 1794 Quantam
1078 1716 1142 1779 et
1192 1735 1386 1799 quam
1449 1736 1668 1780 ueram
1725 1715 1983 1781 laudem
2044 1715 2250 1800 capiet
2300 1714 2458 1780 Per-

1367 1809 1583 1874 menol

689 1902 856 1967 Nam
888 1913 961 1968 ut
993 1905 1259 1981 mittam,
1297 1903 1470 1988 quod
1505 1912 1563 1968 εἲ
1597 1904 1872 1969 amorem
1906 1903 2388 1983 difficillumum,

693 1993 1143 2075 Cadssnmnm,
1180 2020 1220 2062 a
1251 2000 1580 2062 meretrice
1613 2021 1808 2062 auara
1842 1994 2153 2084 uirginem
2508 2017 2539 2058 s

689 2088 902 2169 Quam
937 2090 1211 2169 amabat,
1249 2113 1395 2156 eum
1432 2091 1678 2157 confeci
1712 2092 1847 2156 sine
1883 2091 2188 2170 molestia,

689 2181 842 2250 Sine
877 2185 1152 2270 sumptu,
1189 2185 1324 2251 sine
1361 2185 1719 2271 dispendio:
1764 2197 1901 2251 tum
1937 2184 2057 2250 hoc
2088 2186 2377 2266 alterum,

381 2292 481 2344 53⁴1]
689 2277 764 2341 [d
799 2280 1012 2343 uerost
1047 2279 1219 2363 quod
1255 2301 1374 2365 ego
1410 2280 1562 2344 mihi
1599 2291 1751 2365 puto
1789 2279 2181 2365 palmarium,

685 2370 798 2437 Me
833 2373 1205 2458 repperisse,
1241 2373 1367 2458 quo
1403 2373 1594 2438 modo
1631 2373 2152 2438 adulescentulus

685 2465 1095 2532 Meretricum
1129 2467 1385 2552 ingenia
1421 2477 1484 2533 et
1517 2470 1726 2532 mores
1761 2479 1975 2553 posset
2008 2471 2288 2546 nescere,
2477 2489 2533 2529 ιο

685 2562 939 2627 Mature
974 2573 1046 2626 ut
1079 2583 1274 2646 quom
1309 2563 1613 2648 cognerit,
1650 2573 1958 2648 perpetuo
1992 2562 2209 2627 oderit.

689 2653 870 2734 Quae
905 2656 1059 2720 dum
1092 2655 1244 2722 foris
1282 2667 1447 2730 sunt,
1485 2657 1575 2720 nfl
1609 2656 1861 2721 uidetur
1893 2657 2211 2734 mundius,

381 2764 481 2816 5²35
685 2747 821 2814 Nec
853 2749 1059 2835 magis
1095 2749 1515 2836 compositum
1550 2753 1891 2835 quicquam
1932 2773 2052 2817 nec
2084 2750 2288 2836 magis
2322 2752 2449 2818 ele-

1408 2866 1549 2909 ans:

689 2935 901 3022 [Quae
936 2957 1083 3002 cum
1118 2866 1405 3003 amator}
1435 2960 1551 3004 suo
1586 2959 1732 3004 oum
1768 2948 1997 3004 cenant
2030 2936 2395 3026 ligurriunt]

681 3031 931 3095 Harum
965 3029 1183 3096 uidere
1217 3031 1524 3097 inluuiem
1560 3032 1776 3097 sordes
1808 3032 2109 3118 inopiam,
2472 3053 2527 3094 15

685 3123 897 3205 Quam
920 3124 1288 3190 inhonestae
1315 3128 1488 3191 solae
1507 3127 1631 3191 sint
1650 3126 1820 3191 domi
1838 3137 2028 3210 atque
2047 3126 2271 3192 auidae
2300 3127 2445 3204 cibi,

685 3218 830 3299 Quo
864 3220 1050 3305 pacto
1086 3243 1164 3285 ex
1199 3220 1336 3286 iure
1371 3219 1665 3286 hesterno
1684 3234 1930 3308 'panem
1960 3223 2165 3286 atrum
2201 3233 2444 3300 uorent,

377 3340 477 3392 Μ]
681 3313 884 3378 Nosse
922 3314 1131 3379 emnia
1166 3314 1324 3380 haec
1359 3315 1606 3381 salutist
1641 3316 2147 3382 adulescentulis.

515 3408 625 3472 ΡΨ.
677 3407 817 3492 Ego
853 3407 956 3493 pol
991 3418 1054 3474 te
1089 3430 1204 3494 pro
1238 3408 1374 3473 istis
1412 3409 1595 3474 factis
1632 3420 1693 3475 et
1731 3410 1933 3486 dictis,
1973 3411 2198 3488 scelus,

681 3502 984 3579 Vlciscar,
1027 3512 1097 3567 ut
1131 3525 1213 3567 ne
1246 3503 1484 3587 inpune
1518 3503 1585 3568 in
1620 3526 1735 3568 nos
1769 3504 2079 3569 inluseris.
2470 3525 2525 3566 20

677 3596 807 3661 Pre
829 3596 1018 3661 deum
1044 3596 1256 3673 fidem,
1281 3595 1530 3662 facinus
1556 3597 1842 3662 foedum!
1881 3620 1919 3687 o
1943 3597 2260 3664 infelicem
2288 3597 2443 3665 adu-

1350 3692 1766 3757 lescentulum
1778 3690 1793 3756 l

677 3763 741 3852 O
769 3784 1103 3852 scelestum
1127 3785 1609 3863 Parmenonem,
1647 3786 1755 3870 qui
1779 3789 1976 3876 istum'
1996 3786 2122 3853 huc
2149 3786 2437 3853 adduxit!

1347 3879 1469 3944 ΡΑ.
1508 3878 1682 3961 Quid
1718 3881 1851 3945 est?

369 3980 469 4032 *345
509 3976 621 4036 l’v.
669 3974 931 4039 Miseret
973 3996 1106 4040 me:
1157 3973 1371 4058 itaque
1415 3985 1487 4039 ut
1538 3975 1618 4037 ne
1671 3974 1982 4053 uiderem,
2034 3977 2265 4041 misera
2311 3975 2438 4041 huc

1350 4068 1556 4154 ecfugi
1588 4067 1781 4146 foras,
