2792 4617
256 326 336 397 11,
361 328 395 381 1
1142 322 1491 380 PHoRMIo
1915 304 1918 311 ⁴
2165 308 2287 373 161

284 466 338 508 25
361 449 481 513 ΡΗ.
528 447 787 514 Saluom
814 446 1032 512 uenire
1059 494 1075 511 .
1106 492 1122 511 .
1192 446 1320 512 Dn.
1359 444 1597 522 Cred03
1627 445 1748 510 hoc
1775 444 2085 532 responde
2111 444 2285 509 mihi.
2322 449 2426 505 255

360 544 479 608 Pu.
524 542 734 620 Valet,
771 540 874 607 hic
909 552 1031 618 est3
1069 541 1181 607 sed
1216 541 1379 606 satin
1417 541 1629 605 omnia
1663 563 1744 606 ex
1778 537 2121 606 sententia?

361 636 488 701 Da.
524 636 777 703 Vellem
807 635 1086 720 quidem.
1157 635 1277 700 Pu.
1316 634 1492 715 Quid
1527 635 1688 700 istuc
1722 637 1854 700 est?
1920 633 2046 699 Dn.
2090 631 2291 720 Rogi-

1203 739 1321 805 tas,
1356 728 1711 794 Phaedria?

531 824 748 889 Bonas
782 846 885 889 me
921 823 1181 890 absente
1217 821 1321 889 hic
1357 823 1711 888 cdnfeoistis
1746 822 2016 909 nuptias.

359 918 479 983 Pu.
523 917 695 995 Eho,
748 942 831 983 an
871 918 938 983 ld
983 940 1311 984 suscenses
1356 919 1524 981 nunc
1566 917 1695 982 illi?
1783 915 1906 982 Gn.
1960 915 2288 981 Artificem

1207 1011 1508 1096 probum!

280 1123 333 1164 εο
358 1104 484 1170 De,
520 1106 711 1192 Egon
743 1106 836 1170 flli
872 1127 998 1171 non
1033 1106 1474 1171 suscenseam?
1508 1105 1715 1191 ipsum
1752 1104 1952 1191 gestio
2325 1108 2429 1162 260

528 1199 691 1265 Dari
725 1200 814 1264 mi
844 1203 912 1264 in
949 1211 1378 1285 conspectum,
1413 1201 1584 1265 nunc
1617 1221 1733 1264 sua
1769 1198 1956 1284 culpa
1988 1198 2060 1262 ut
2094 1197 2251 1263 sciat

528 1293 775 1360 Lenem
809 1308 1055 1381 patrem
1090 1295 1267 1360 illum
1302 1295 1543 1359 factum
1580 1315 1683 1359 me
1710 1315 1847 1360 esse
1876 1294 2290 1357 acerrumum.

358 1388 478 1453 Pa.
522 1391 728 1473 Atqui
758 1388 918 1453 nihil
952 1389 1125 1465 feeit,
1159 1392 1406 1475 patrue,
1444 1389 1617 1472 quod
1652 1389 2037 1453 suscenseas.

360 1482 484 1548 Du.
523 1482 696 1548 Ecce
731 1484 946 1550 autem
983 1483 1212 1549 similia
1244 1483 1483 1548 dmnia!
1520 1505 1737 1547 omnes
1774 1483 2153 1567 congruont:

280 1594 333 1634 ³⁵
528 1578 743 1643 Vnum
777 1598 973 1663 quom
1007 1577 1198 1657 noris,
1234 1577 1435 1642 omnis
1470 1578 1660 1642 noris.
1735 1578 1848 1642 Pu.
1894 1577 2092 1642 Haud
2126 1577 2290 1641 itast.
2326 1579 2430 1634 265

357 1670 483 1735 Dn.
527 1672 657 1736 Hic
689 1671 754 1736 in
790 1673 1058 1749 noxiast,
1093 1672 1198 1736 ille
1234 1671 1316 1737 ad
1353 1671 1681 1736 dicendam
1717 1672 1972 1736 causam
2009 1670 2216 1749 adest3

532 1764 746 1845 Quom
769 1766 956 1844 illest,
982 1765 1087 1832 hic
1112 1777 1449 1852 praestost:
1488 1766 1745 1830 tradunt
1769 1787 1994 1850 operas
2020 1767 2291 1830 mutuas.

361 1857 482 1924 Gn.
527 1860 740 1925 Probe
774 1859 999 1925 horum
1034 1861 1201 1926 facta
1235 1860 1581 1947 inprudens
1616 1860 1898 1946 depinxit
1934 1883 2146 1925 senex.

357 1953 484 2031 ΒΕ.
520 1953 690 2019 Nam
739 1953 809 2019 ni
859 1954 1018 2020 haec
1067 1954 1156 2019 ita
1206 1966 1438 2030 essent,
1491 1977 1638 2019 cum
1687 1955 1795 2019 illo
1849 1954 2020 2019 haud
2074 1966 2292 2030 stares,

1200 2047 1536 2113 Phaedria.

279 2161 332 2200 ιο
357 2143 478 2207 ΡΗ.
545 2141 620 2209 Si
671 2152 793 2219 est,
856 2145 1106 2229 patrue,
1169 2143 1423 2226 culpam
1483 2155 1555 2207 ut
1605 2124 1891 2228 Antipho
1942 2142 2009 2207 in
2060 2163 2129 2207 se
2182 2143 2294 2207 ad-
2326 2153 2430 2207 270

1203 2237 1461 2313 miserit,

527 2332 631 2396 Ex
675 2332 805 2415 qua
847 2352 916 2399 re
959 2330 1168 2396 minus
1201 2331 1294 2396 rei
1328 2331 1490 2395 foret
1525 2342 1634 2396 aut
1668 2331 1876 2396 famae
1912 2332 2289 2418 temperan3‚

527 2425 674 2490 Non
710 2426 968 2490 causam
1003 2424 1143 2490 dico
1179 2426 1330 2508 quin
1367 2425 1542 2508 quod
1575 2425 1833 2490 meritus
1869 2427 1949 2490 sit
1984 2426 2162 2491 ferat.

530 2517 661 2585 Sed
697 2521 751 2583 si
784 2518 928 2603 quis
963 2518 1126 2583 forte
1162 2518 1402 2584 malitia
1434 2519 1632 2584 frenis
1669 2542 1785 2584 sua

526 2613 798 2679 Insidias
833 2624 1087 2677 nostrae
1123 2612 1273 2677 fecit
1309 2612 1773 2678 adulescentiae

279 2726 332 2766 45
527 2709 632 2771 Ac
664 2706 836 2783 uicit,
873 2717 1132 2771 nostran
1166 2707 1353 2792 culpa
1388 2720 1523 2772 east
1558 2731 1637 2772 an
1672 2707 1973 2785 iudicum,
2322 2719 2427 2774 275

527 2799 661 2882 Qui
696 2802 884 2885 saepe
920 2811 1176 2886 propter
1206 2800 1509 2865 inuidiam
1546 2801 1830 2866 adimunt
1866 2800 2044 2866 diuiti

525 2897 664 2959 Aut
696 2896 950 2980 propter
980 2895 1473 2960 misericdrdiam
1510 2895 1750 2960 addunt
1783 2896 2085 2982 pauperi?

362 2988 486 3056 Gn.
524 2988 611 3054 Ni
643 2990 907 3054 nossem
928 3011 1204 3067 causam,
1243 2989 1561 3055 crederem
1595 3012 1750 3055 uera
1782 2989 1951 3054 hunc
1984 2989 2178 3074 loqui.

358 3083 484 3148 Dn.
530 3085 640 3148 An
676 3086 1012 3167 quisquam
1046 3084 1236 3149 iudex
1273 3085 1388 3161 est,
1426 3084 1536 3167 qui
1571 3084 1769 3169 possit
1803 3085 2059 3150 noscere

281 3196 335 3239 ω
528 3178 673 3243 Tua
705 3179 891 3254 iusta,
927 3178 1038 3242 ubi
1072 3188 1206 3243 tute
1241 3178 1512 3244 uerbum
1545 3200 1675 3242 non
1708 3179 2109 3264 respondeas,
2322 3182 2427 3236 280

531 3272 633 3336 Ita
666 3282 736 3335 ut
768 3272 875 3336 ssle
911 3271 1096 3337 fecit?
1163 3273 1281 3336 ΡΗ.
1336 3273 1622 3336 Functus
1658 3271 2173 3338 adulescentulist

530 3363 839 3430 Officium
872 3364 1174 3430 liberalis:
1210 3377 1544 3450 postquam
1583 3366 1664 3431 ad
1698 3366 1936 3431 iudices

529 3460 889 3536 Ventumst,
923 3481 1051 3523 non
1085 3458 1289 3544 potuit
1326 3460 1598 3544 cogitata
1631 3460 1945 3546 proloqui3

419 3593 426 3599 -
532 3554 633 3619 Ita
668 3554 812 3620 eum
848 3565 986 3618 tum
1020 3552 1310 3618 timidum
1330 3553 1456 3617 illic
1470 3554 1886 3639 obstupefecit
1921 3554 2145 3640 pudor.

280 3668 334 3710 ⁶5
362 3647 487 3716 Gn.
532 3648 762 3714 Laudo
830 3647 1017 3712 hunc.
1115 3648 1227 3713 sed
1289 3669 1465 3712 cesso
1534 3649 1706 3714 adire
1766 3670 1956 3732 quam
2019 3633 2292 3734 primum
2325 3652 2427 3707 285

1205 3742 1458 3806 senem?

530 3836 680 3914 Ere,
718 3836 920 3900 salue.
958 3835 1200 3900 saluom
1226 3845 1288 3899 te
1315 3835 1648 3899 aduenisse
1675 3835 1943 3921 gaudeo·
1997 3833 2123 3898 Dn.
2160 3831 2290 3911 Oh,

531 3933 712 3995 Bone
749 3931 980 4007 eustos,
1017 3930 1213 4007 salue,
1251 3930 1539 3994 columen
1572 3951 1727 3993 uero
1764 3929 2061 4005 familiae,

476 4024 702 4143 „Qum
741 4024 1177 4090 commendaui
1213 4023 1415 4087 filium
1453 4023 1599 4087 hine
1634 4023 1851 4087 abiens
1889 4045 2033 4088 meu

2037 4047 2118 4087 m.

367 4108 501 4185 Gn.
531 4120 674 4184 Iam
709 4119 950 4183 dudum
985 4129 1047 4182 te
1084 4118 1284 4182 omnis
1321 4118 1433 4181 nos
1471 4140 1766 4183 accusare
1803 4116 1990 4180 audio
2037 4066 2228 4171 ff

473 4222 536 4263 Te»
537 4222 703 4264 ωιίήιε.
1894 4218 1958 4269 11

912 4304 999 4395 f
