2792 4617
237 297 368 354 Prol.
1089 299 1499 365 EVNVCHVS
2133 289 2256 369 101

953 1109 1614 1183 PROLOGVS.

408 1330 481 1399 Si
513 1333 932 1418 quisquamst,
965 1335 1077 1419 qui
1110 1335 1361 1422 placare
1398 1358 1467 1401 se
1502 1335 1757 1401 studeat
1789 1334 1974 1402 bonis

405 1434 620 1518 Quam
654 1436 938 1523 plurimis
975 1449 1036 1504 et
1070 1441 1352 1504 minume
1384 1439 1619 1504 multos
1654 1438 1927 1516 laadere,

403 1538 481 1603 In
514 1539 614 1604 his
647 1545 835 1626 poeta
867 1539 971 1606 hic
1004 1543 1238 1606 nomen
1271 1542 1602 1627 profitetur
1636 1563 1839 1611 suom.

403 1641 573 1707 Tum
607 1645 664 1706 si
691 1643 836 1727 quis
871 1654 986 1722 est,
1023 1644 1133 1728 qui
1168 1644 1406 1709 dictum
1441 1643 1509 1709 in
1544 1667 1612 1710 se
1645 1642 2084 1710 inclemantius

273 1761 298 1801 ⁶
401 1745 833 1811 Existumauit
867 1747 1027 1825 asse,
1065 1747 1156 1812 sic
1192 1749 1547 1824 existumet,
2320 1748 2356 1800 5

399 1847 821 1933 Responsum,
856 1870 983 1916 non
1019 1848 1257 1913 dictum
1293 1851 1453 1927 asse,
1488 1848 1639 1933 quia
1673 1848 1855 1915 laesit
1886 1847 2075 1934 prior,

403 1936 733 2032 Quibene
767 1949 1077 2018 uortendo
1116 1962 1180 2016 et
1214 1950 1471 2017 easdem
1505 1951 1840 2017 scribendo
1874 1952 2041 2020 male

401 2053 505 2118 Ex
542 2051 804 2127 Graecis
838 2053 1023 2120 bonis
1057 2054 1323 2119 Latinas
1358 2052 1511 2119 fecit
1542 2056 1672 2119 non
1706 2053 1923 2120 bonas.

400 2156 582 2222 Idam
615 2156 961 2221 Menandri
994 2155 1277 2222 Phasma
1314 2153 1545 2243 [nunc]
1580 2179 1785 2242 nuper
1807 2157 2088 2244 pat-didit

250 2276 298 2316 ιο
402 2261 615 2343 Atque
649 2262 716 2324 in
750 2259 1124 2325 Thensauro
1159 2259 1430 2345 scripsit,
1468 2281 1726 2324 causam
1760 2259 1970 2326 dicere
2288 2268 2353 2320 14]

398 2362 586 2428 Prius
621 2362 792 2428 unde
825 2362 1079 2448 petitur,
1116 2362 1341 2426 aurum
1377 2382 1507 2444 qua
1540 2384 1609 2428 re
1645 2364 1725 2427 sit
1758 2383 1964 2440 suom,

401 2462 614 2547 Quam
647 2464 776 2530 illic
811 2464 919 2547 qui
954 2463 1133 2551 petit,
1169 2464 1338 2529 unde
1371 2466 1428 2529 is
1464 2463 1546 2529 sit
1580 2463 1958 2530 thensaurus
1991 2464 2116 2530 sibi

398 2568 536 2632 Aut
567 2567 739 2633 unde
773 2566 841 2631 in
875 2567 1150 2652 patrium
1184 2568 1667 2632 manumentum
1700 2567 2075 2653 peruanerit.

397 2668 652 2736 Dehinc
684 2670 766 2734 ne
800 2669 1139 2734 frustretur
1168 2671 1308 2754 ipse
1342 2691 1411 2734 se
1448 2679 1558 2734 aut
1591 2668 1682 2734 sic
1719 2669 1958 2756 cogitet

251 2787 296 2828 1⁵
398 2771 788 2837 ‘Defunctus
822 2771 951 2836 iam
986 2794 1151 2850 sum,
1184 2771 1274 2835 nil
1308 2783 1406 2837 est
1438 2772 1612 2855 quod
1648 2771 1817 2837 dicat
1849 2771 2064 2840 mihi’=
2284 2776 2356 2828 15

393 2874 460 2940 Is
496 2897 578 2940 ne
613 2876 779 2940 erret
813 2896 1042 2940 moneo
1077 2884 1142 2940 et
1177 2873 1425 2939 dasinat
1457 2875 1782 2940 lacessere.

394 2976 627 3043 Habeo
661 2977 789 3042 alia
819 2977 1039 3054 multa,
1075 2979 1240 3060 quae
1274 2998 1446 3042 nunc
1480 2976 1961 3055 condonabitur,

395 3079 584 3163 Quae
618 3078 1019 3165 proferentur
1051 3081 1218 3165 post,
1254 3079 1308 3144 si
1342 3090 1567 3166 perget
1598 3079 1872 3158 laedere,

394 3184 495 3249 Ita
529 3193 602 3248 ut
636 3182 847 3248 facere
881 3181 1166 3248 instituit.
1236 3184 1431 3265 quam
1463 3203 1634 3248 nunc
1668 3184 1873 3248 acturi
1905 3205 2120 3248 sumus

184 3305 193 3317 ’
246 3303 291 3344 20
393 3285 736 3351 Menandri
769 3283 1176 3363 Eunuchum,
1212 3286 1551 3370 postquam
1584 3284 1820 3352 aediles
1856 3287 2160 3360 aluerunt,
2284 3292 2348 3344 ΞΗ]

392 3387 675 3454 Perfacit
708 3386 830 3452 sibi
863 3397 934 3453 ut
965 3386 1348 3474 inspiciundi
1383 3399 1547 3453 esset
1582 3387 1782 3474 copia.

393 3490 813 3577 Magistratus
847 3513 1040 3575 quom
1075 3490 1166 3554 ibi
1199 3489 1471 3568 adesset,
1509 3493 1832 3576 occeptast
1866 3490 1992 3580 agi.

397 3591 732 3658 Exclamat
765 3593 991 3672 furem,
1027 3595 1157 3658 non
1190 3597 1445 3679 poetam
1479 3591 1764 3657 fabulam

395 3693 669 3761 Dedisse
704 3706 768 3761 et
799 3696 890 3761 nil
926 3695 1174 3762 dedisse
1209 3694 1551 3761 uerborum
1585 3706 1828 3760 tamen:

249 3812 294 3853 25
397 3795 697 3863 Colacem
733 3800 871 3863 asse
904 3798 1113 3864 Naeui
1147 3809 1211 3864 et
1242 3796 1481 3875 Plauti,
1528 3809 1808 3863 ueterem
1844 3796 2156 3872 fabulam3
2280 3808 2344 3860 5115

394 3898 668 3965 Parasiti
701 3922 1036 3986 personam
1068 3901 1216 3966 inde
1253 3900 1529 3965 ablatam
1565 3911 1630 3965 et
1662 3900 1896 3964 militis.

399 4001 468 4067 Si
500 4002 569 4066 id
604 4004 701 4066 ast
734 4013 1087 4088 peccatum,
1122 4005 1455 4089 paccatum
1488 4002 1949 4088 inprudantiast

395 4103 654 4184 Poetae,
690 4126 820 4170 non
855 4126 982 4190 quo
1016 4105 1257 4172 furtum
1290 4105 1501 4172 facere
1535 4104 1863 4172 studuerit.
