2792 4617
2145 3 2397 19 .-Ἃ-μ,-
2435 18 2448 37 “
2475 22 2484 31 Ι

2089 34 2094 43 “
2331 34 2344 45 “
2411 40 2442 53 ¹¹
2473 3 2520 73 E
2543 3 2582 73 *f
2605 3 2706 63 1,·

2591 80 2600 89 Ι
2659 68 2686 89 ΙΙ

2308 94 2314 111 Ι

2683 130 2690 143 t

546 227 672 331 166
1332 276 1686 333 Pnossmo
2441 277 2520 347 11,
2543 277 2585 332 *3

405 409 509 465 390
713 400 994 488 Stilpest.
1080 401 1207 466 Dm.
1253 400 1467 481 Quem
1523 400 1716 465 dixti?
1808 400 1929 464 ΡΒ.
1976 398 2327 486 Stilponem
2376 399 2476 465 in-

545 561 549 565 ,
1389 516 1582 578 quam
1617 495 1904 559 neaerae.

538 592 666 658 Ds.
709 592 936 675 Neque
971 590 1092 676 ego
1125 590 1303 655 illum
1336 611 1557 655 noram
1588 589 1798 674 neque
1829 589 1918 654 mi
1953 589 2257 675 cognatus
2291 587 2413 653 fuit

712 685 1071 770 Quisquam
1092 687 1254 751 istoc
1277 683 1551 749 nomine.
1602 683 1725 747 ΡΗ.
1750 662 1971 749 ltane?
2005 705 2135 748 non
2160 693 2224 748 te
2249 682 2476 751 horum
2506 698 2564 742 45

1384 777 1620 863 pudet?

706 875 805 939 At
838 876 894 940 si
927 874 1234 939 talentum
1265 873 1401 937 rem
1435 871 1794 956 reliquisset
1826 871 2066 950 decem,

537 969 665 1035 Dn.
708 968 801 1033 Di
833 968 949 1033 tibi
983 966 1411 1034 malefaciant!
1480 967 1596 1032 ΡΗ.
1631 968 1872 1051 primus
1908 987 2077 1033 esses
2112 963 2506 1033 memoriter,

399 1077 504 1134 895
705 1061 1087 1150 Progeniem
1138 1071 1420 1129 uestram
1470 1082 1673 1144 usque
1722 1061 1806 1125 eb
1859 1082 1983 1125 auo
2038 1071 2231 1146 atque
2281 1072 2471 1127 atauo

584 1161 593 1167 “
1382 1155 1727 1241 preferens.

534 1251 662 1317 Dn.
705 1251 809 1318 Ita
859 1261 933 1318 ut
983 1251 1159 1316 dicis.
1246 1271 1369 1336 ego
1430 1259 1567 1314 tum
1618 1271 1812 1334 quom
1870 1248 2298 1327 aduenissem,
2361 1243 2475 1334 qui

706 1439 1001 1527 Cogneta
1036 1463 1112 1505 ea
1146 1450 1331 1517 esset,
1368 1439 1672 1505 dicerem:
1706 1436 1927 1503 itidem
1960 1437 2032 1501 tu
2063 1436 2224 1503 face.
2497 1454 2554 1497 ω

707 1533 888 1602 Cedo
939 1534 1049 1619 qui
1101 1535 1196 1600 est
1247 1533 1555 1621 cognata?
1646 1530 1769 1600 Gn.
1822 1531 1947 1609 Eu,
1971 1580 1976 1585 -
1999 1532 2236 1611 nester,
2280 1542 2469 1599 recte.

1381 1627 1540 1692 heus
1574 1628 1665 1704 tu,
1701 1649 1877 1692 caue.

530 1727 649 1791 ΡΗ.
693 1722 996 1790 Dilucide
1031 1722 1327 1808 expediui
1363 1723 1596 1807 quibus
1631 1744 1733 1787 me
1769 1718 2042 1808 opertuit

395 1832 499 1889 400
702 1817 1058 1884 Iudicibus:
1094 1828 1233 1882 tum
1263 1817 1331 1882 id
1366 1818 1421 1882 si
1456 1817 1687 1881 felsum
1721 1814 1947 1891 fuerat,
1985 1815 2155 1882 filius

704 1912 886 1995 Quor
918 1913 1043 1977 nen
1077 1911 1343 1978 refellit?
1412 1910 1537 1975 DE.
1574 1910 1812 1975 Fssium
1844 1913 2060 1976 narres
2095 1909 2285 1979 mihi?

705 2006 954 2088 Quoius
989 2007 1070 2071 de
1105 2005 1369 2071 stultitia
1405 2005 1530 2071 dici
1563 2016 1634 2069 ut
1669 2004 1993 2090 dignumst
2026 2005 2150 2070 nen
2183 2016 2411 2092 potest.
2500 2026 2556 2068 ⁵5

532 2103 649 2168 ΡΗ.
693 2102 791 2168 At
822 2102 896 2166 tu
929 2100 1040 2186 qui
1075 2100 1326 2186 sapiens
1361 2101 1432 2165 es
1465 2099 1870 2186 magistratus
1907 2099 2034 2178 adi,
2108 2123 2114 2127 ·
2426 2175 2429 2178 ⁴

699 2195 1017 2261 Iudicium
1052 2194 1132 2260 de
1169 2194 1393 2260 eadem
1429 2195 1620 2260 causa
1652 2192 1881 2258 iterum
1916 2204 1989 2258 ut
2031 2193 2299 2261 reddent
2333 2195 2469 2274 tibi,

394 2304 498 2359 405
706 2289 1239 2374 Quandequidem
1274 2289 1447 2354 solus
1482 2290 1711 2373 regnas
1748 2298 1810 2353 et
1845 2288 1962 2352 soli
1991 2287 2140 2353 licet

698 2384 828 2450 Hic
863 2385 942 2449 de
978 2384 1201 2448 eedem
1235 2404 1430 2448 causa
1464 2382 1563 2447 bis
1596 2381 1903 2447 iudicium
1937 2382 2222 2467 apiscier.

527 2479 652 2544 Du.
697 2476 844 2544 Etsi
877 2477 1031 2543 mihi
1066 2478 1236 2543 facta
1267 2476 1577 2554 iniuriam,
1611 2478 1835 2542 uerum
1868 2488 2078 2542 tamen
2497 2499 2553 2540 eo

699 2571 925 2638 Potius
959 2592 1154 2655 quam
1189 2571 1314 2636 litis
1351 2572 1553 2635 secter
1588 2580 1698 2636 aut
1731 2590 1925 2653 quam
1957 2581 2021 2634 te
2055 2569 2329 2649 audiam,

698 2665 931 2730 Itidem
963 2667 1037 2730 ut
1070 2676 1343 2751 cognata
1378 2666 1433 2729 si
1468 2664 1569 2742 sit,
1613 2663 1681 2728 id
1714 2664 1886 2747 quod
1919 2663 2024 2729 lex
2056 2663 2232 2728 iubet

393 2772 497 2826 410
699 2758 889 2824 Dotis
925 2758 1096 2837 dare,
1132 2758 1340 2824 abduc
1375 2757 1562 2836 hene,
1596 2757 1801 2822 minas
1834 2757 2113 2844 quinque
2145 2757 2380 2844 eccipe.

528 2853 649 2918 ΡΗ.
692 2851 1029 2930 Hahahae,
1066 2851 1254 2918 homo
1291 2851 1527 2918 suauis.
1613 2850 1741 2915 Dm.
1778 2850 1956 2932 Quid
1987 2853 2117 2918 est?
2159 2874 2315 2917 num
2348 2852 2469 2920 ini-

1382 2967 1576 3030 quom
1610 2945 1891 3031 pestulo?

697 3041 810 3106 An
842 3062 923 3106 ne
955 3040 1076 3105 hee
1110 3039 1367 3125 quidem
1404 3061 1524 3127 ego
1560 3039 1889 3125 adipiscar,
1926 3038 2099 3124 quod
2124 3039 2224 3105 ius
2257 3041 2467 3127 publi·
2491 3064 2549 3104 65

1383 3135 1626 3199 cumst?
2405 3146 2410 3150 ’
2597 3161 2606 3165 >

525 3229 648 3295 Pa.
691 3228 838 3295 Itan
897 3227 1183 3306 tendem,
1242 3250 1511 3313 quaeso,
1572 3228 1725 3293 item
1782 3227 1854 3292 1'1t
1906 3227 2299 3294 meretricem
2350 3229 2464 3299 ubi

1375 3323 1611 3387 abusus
1647 3321 1757 3399 sis,
1861 3384 1864 3387 .

696 3415 1063 3481 Mercedem
1100 3416 1250 3483 dare
1285 3417 1389 3482 lex
1425 3416 1602 3481 iubet
1636 3426 1697 3482 e'1'
1730 3426 1919 3502 atque
1954 3418 2277 3483 amittere?

391 3527 494 3582 415
696 3510 828 3588 An,
863 3520 935 3574 ut
967 3512 1048 3575 ne
1085 3510 1239 3595 quid
1270 3522 1455 3597 turpe
1491 3510 1647 3576 ciuis
1681 3510 1748 3575 in
1781 3534 1849 3576 se
1884 3509 2244 3577 admitteret

695 3605 969 3690 Propter
1002 3616 1366 3691 egestatem,
1402 3607 1710 3690 prexumo
1743 3604 1976 3671 iussest
2009 3605 2167 3682 dari,
2343 3665 2378 3711 s

695 3698 786 3766 Vt
822 3720 964 3763 cum
1000 3700 1130 3764 uno
1165 3710 1436 3765 aetatem
1472 3700 1767 3785 degeret?
1812 3699 1985 3783 quod
2019 3701 2090 3763 tu
2123 3644 2568 3863 new

524 3792 1158 3877 Dmfffafprdxumo
1194 3793 1478 3878 quidem3
1514 3796 1581 3858 et
1615 3815 1731 3858 nos
1766 3793 1972 3858 unde?
2008 3804 2118 3859 aut
2152 3816 2193 3878 q
2376 3796 2457 3861 eb

1371 3889 1545 3953 rem?
1611 3888 1730 3952 Pu.
1768 3886 1936 3964 Ohe,

696 3981 989 4047 ‘Actum’
1024 3978 1203 4047 eiunt
1239 3987 1346 4045 ‘ne
1383 3985 1576 4065 agas.’
1661 3979 1786 4046 Dm.
1824 3980 1966 4046 Nen
2004 3983 2229 4068 agam?
2264 3982 2456 4053 immo

1368 4074 1541 4145 haud
1574 4074 1879 4155 desinam,
