2792 4617
269 362 275 372 .
307 315 454 372 Prol.
1197 317 1546 375 PHORMIO
2216 301 2334 368 151

897 480 1107 559 sust·

988 566 1699 703 MPROLOGVS

409 694 770 786 Postquam]
795 708 983 789 poeta
1017 694 1205 769 uetus
1235 709 1490 790 poetam
1522 705 1652 769 nen
1687 714 1895 789 potest

410 802 765 871 Retrahere
790 827 830 869 a
865 805 1076 871 studio
1111 817 1174 872 et
1207 807 1531 872 transdere
1567 805 1941 872 hominem
1921 829 1988 871 ιιι
2021 806 2238 884 etium,

407 904 770 972 Maledictis
808 908 1120 977 deterrere
1154 930 1236 973 ne
1271 909 1503 973 scribat
1535 919 1749 997 ‘parat3

410 1005 543 1088 Qui
574 1009 665 1075 ita
700 1010 960 1089 dictitat,
997 1033 1154 1096 quas
1188 1009 1458 1076 antchac
1491 1011 1643 1077 fecit
1676 1012 1945 1089 fabulas,

357 1125 386 1168 ὅ
409 1111 618 1177 Tenui
652 1114 791 1179 esse
827 1115 1105 1180 oratiene
1140 1122 1205 1181 et
1239 1113 1552 1199 scripture,
1583 1114 1740 1180 leui:
2412 1120 2449 1176 5

409 1211 583 1294 Quia
615 1216 929 1300 nusquam
961 1215 1255 1282 insanum
1289 1216 1537 1302 scripsit
1570 1214 2116 1283 adulescentulum

410 1313 688 1382 Ceruam
722 1319 938 1391 uidere
972 1319 1196 1404 fugere
1231 1329 1294 1384 et
1330 1322 1559 1384 sectari
1591 1342 1782 1385 canes
2094 1394 2100 1401 ,

407 1417 493 1482 Et
529 1422 671 1484 eam
703 1420 970 1507 plorare,
1006 1424 1184 1487 orare
1218 1431 1290 1485 ut
1325 1419 1664 1489 subueniet
1698 1420 1839 1486 sibi.
1978 1455 2102 1521 δὴ
2123 1503 2136 1521 ι
2158 1471 2199 1516 x

410 1517 605 1600 Quod
639 1522 693 1588 si
725 1524 1138 1610 intellegeret,
1175 1526 1370 1608 quem
1406 1523 1598 1591 stetit*
1614 1516 1761 1587 olim
1798 1545 1986 1602 noua,

331 1639 383 1680 10
406 1624 661 1690 Acteris
696 1648 888 1712 opera
920 1626 1124 1712 magis
1161 1625 1405 1692 stetisse
1441 1628 1633 1710 quam
1667 1649 1803 1704 sua,
2380 1636 2449 1691 10

408 1725 629 1792 Minus
661 1728 863 1792 multo
898 1728 1217 1806 audacter,
1253 1730 1449 1812 quam
1483 1750 1653 1794 nunc
1688 1728 1898 1804 laedit,
1936 1727 2234 1794 laederet.

406 1828 596 1894 Nunc
630 1832 688 1894 si
720 1830 863 1915 quis
899 1843 1014 1908 est,
1051 1830 1162 1915 qui
1196 1831 1316 1896 hoc
1353 1831 1521 1895 dicat
1554 1841 1667 1897 aut
1701 1830 1792 1896 sic
1828 1832 2087 1918 cegitet=

408 1932 641 1999 ‘Vetus
672 1935 730 1998 si
762 1938 952 2039 poeta
983 1934 1109 1997 nen
1143 1933 1499 1999 lacessisset
1532 1933 1724 2019 prior,

204 2071 208 2076 ·
318 2033 671 2114 *Nullum
702 2016 986 2101 inuenire
1021 2020 1354 2154 prelogum
1391 2038 1605 2122 posset
1640 2017 1901 2102 nouo¹s’:

330 2152 382 2194 15
410 2133 649 2222 [Quem
685 2138 939 2215 diceret,
974 2137 1097 2202 nisi
1130 2137 1391 2202 haberet
1427 2138 1530 2203 cui
1563 2139 1728 2204 male
1764 2140 2000 2205 diceret
2008 2137 2057 2224 z]
2378 2152 2445 2206 15

404 2239 471 2303 Is
507 2238 625 2304 sibi
658 2262 1033 2325 responsum
1066 2239 1189 2305 hoc
1224 2240 1529 2318 habeat,
1512 2265 1579 2305 m
1613 2241 1821 2307 medio
1856 2242 2147 2307 emnibus

402 2341 694 2406 Palmam
731 2344 869 2407 esse
903 2343 1193 2428 positam,
1230 2342 1341 2426 qui
1375 2346 1576 2408 artem
1609 2353 1881 2408 tractant
1914 2344 2241 2410 musicam.

404 2443 522 2508 Ille
555 2443 637 2508 ad
671 2445 907 2510 famem
943 2443 1114 2509 hunc
1150 2468 1187 2509 a
1220 2445 1430 2510 studio
1465 2446 1707 2510 studuit
1739 2445 2002 2512 reicere:

404 2546 533 2610 Hic
566 2546 948 2630 respondere
981 2546 1202 2625 udluit,
1235 2569 1364 2612 non
1399 2548 1730 2613 lacessere.

327 2668 378 2707 20
405 2649 765 2714 Benedictis
802 2648 855 2714 si
892 2652 1211 2724 certasset,
1247 2649 1529 2714 audisset
1561 2650 1900 2741 benetstsse
1931 2692 1940 2713 ·
1975 2656 2026 2698 ¹¹
2373 2664 2444 2720 20

405 2750 596 2831 Quod
631 2752 712 2815 ab
745 2750 857 2816 sslo
893 2751 1254 2829 adlatumst‚
1291 2750 1416 2837 [id]
1454 2751 1574 2816 sibi
1610 2742 1758 2816 esse
1783 2752 2074 2816 rellatum
2109 2762 2307 2836 putet.

401 2853 508 2918 De
541 2853 648 2918 ille
683 2854 810 2919 iam
844 2854 1038 2919 finem
1071 2853 1302 2919 faciam
1339 2853 1597 2918 dicundi
1631 2852 1805 2929 mihi,

402 2956 723 3020 Peccandi
757 2978 950 3039 quom
983 2956 1128 3043 ipse
1155 2957 1234 3021 de
1269 2978 1335 3022 se
1370 2956 1562 3021 finem
1596 2957 1719 3020 nen
1752 2956 1923 3021 facit.

402 3057 592 3123 Nunc
625 3057 785 3181 quid
812 3059 1003 3125 uelim
1038 3060 1318 3124 animum
1353 3057 1683 3123 attendite·
1721 3058 1982 3169 adporte
2016 3082 2250 3125 nouam

324 3179 379 3219 25
404 3134 982 3263 Ερίᾶῆοαῑοιιιᾷιοιι
1012 3164 1207 3245 quam
1242 3148 1474 3226 uocant
1508 3143 1898 3226 comoediam
2050 3180 2054 3188 ‘
2187 3205 2192 3212 ·
2370 3180 2440 3234 25

405 3262 656 3341 Graeci,
693 3264 912 3329 Lati'ni
944 3263 1395 3329 Phermionem
1430 3264 1780 3340 neminant,
1929 3289 2148 3345 ..Μ
2134 3292 2205 3354 3

404 3366 576 3447 Quia
609 3369 842 3451 primas
877 3367 1072 3452 partis
1108 3368 1241 3450 qui·
1252 3377 1419 3451 aget,
1456 3365 1510 3430 is
1545 3366 1665 3432 erit
1697 3322 1998 3430 Phermio

402 3468 751 3547 Parasitus,
787 3492 902 3555 per
934 3491 1126 3552 quem
1161 3471 1261 3533 res
1297 3480 1555 3555 geretur
1586 3471 1904 3546 maxume,

401 3570 716 3637 Voluntas
752 3582 967 3636 uostra
1003 3572 1057 3635 si
1090 3572 1175 3635 ad
1209 3577 1462 3657 poetam
1499 3570 1850 3636 accesserit.

325 3692 378 3731 30
402 3660 574 3739 Date
611 3675 887 3759 epemm,
925 3675 1139 3740 adeste
1177 3695 1379 3758 aequo
1413 3674 1624 3738 animo
1658 3695 1772 3759 per
1808 3673 2166 3751 silentium,·
2368 3694 2437 3748 30

402 3775 504 3839 Ne
538 3776 725 3840 simili
758 3786 1012 3841 utamur
1044 3778 1315 3854 fertuna,
1351 3786 1541 3860 atque
1578 3778 1677 3840 usi
1711 3799 1930 3840 sumus

405 3876 619 3958 Quom
654 3880 769 3964 per
802 3881 1141 3945 tumultum
1177 3881 1387 3944 nester
1422 3902 1579 3965 grex
1612 3880 1821 3943 motus
1854 3879 2080 3943 locost:

408 3980 620 4061 Quem
658 3982 885 4046 acteris
920 3984 1121 4049 uirtus
1155 3983 1334 4046 nebis
1369 3980 1640 4048 restituit
1673 3982 1884 4047 locum

407 4082 795 4167 Bonitasque
831 4095 1046 4149 uostra
1080 4085 1369 4151 adiutans
1406 4095 1594 4169 atque
1629 4083 2102 4167 aequanimitas.
