<?xml version="1.0" encoding="UTF-8"?>
<!DOCTYPE html PUBLIC "-//W3C//DTD XHTML 1.0 Transitional//EN"
    "http://www.w3.org/TR/xhtml1/DTD/xhtml1-transitional.dtd">
<html xmlns="http://www.w3.org/1999/xhtml" xml:lang="en" lang="en">
 <head>
  <title>
</title>
<meta http-equiv="Content-Type" content="text/html;charset=utf-8" />
  <meta name='ocr-system' content='tesseract 3.04.00' />
  <meta name='ocr-capabilities' content='ocr_page ocr_carea ocr_par ocr_line ocrx_word'/>
</head>
<body>
  <div class='ocr_page' id='page_1' title='image "./pterentiafricom01dziagoog_0088.png"; bbox 0 0 2792 4617; ppageno 0'>
   <div class='ocr_carea' id='block_1_1' title="bbox 2284 0 2786 227">
    <p class='ocr_par' dir='ltr' id='par_1_1' title="bbox 2284 0 2786 227">
     <span class='ocr_line' id='line_1_1' title="bbox 2284 0 2786 227; baseline 0 4390"><span class='ocrx_word' id='word_1_1' title='bbox 2284 0 2786 227; x_wconf 95' lang='lat' dir='ltr'> </span> 
     </span>
    </p>
   </div>
   <div class='ocr_carea' id='block_1_2' title="bbox 468 244 2509 331">
    <p class='ocr_par' dir='ltr' id='par_1_2' title="bbox 468 244 2509 331">
     <span class='ocr_line' id='line_1_2' title="bbox 468 244 2509 331; baseline 0.002 -20"><span class='ocrx_word' id='word_1_2' title='bbox 468 244 555 311; x_wconf 75' lang='grc'>42</span> <span class='ocrx_word' id='word_1_3' title='bbox 1281 258 1584 316; x_wconf 88' lang='lat' dir='ltr'>ANDRIA</span> <span class='ocrx_word' id='word_1_4' title='bbox 2159 259 2262 331; x_wconf 88' lang='lat' dir='ltr'>IV,</span> <span class='ocrx_word' id='word_1_5' title='bbox 2284 262 2335 317; x_wconf 85' lang='lat'>5.</span> <span class='ocrx_word' id='word_1_6' title='bbox 2374 260 2448 330; x_wconf 88' lang='lat' dir='ltr'>V,</span> <span class='ocrx_word' id='word_1_7' title='bbox 2472 261 2509 315; x_wconf 84' lang='lat'>1</span> 
     </span>
    </p>
   </div>
   <div class='ocr_carea' id='block_1_3' title="bbox 331 378 2484 1408">
    <p class='ocr_par' dir='ltr' id='par_1_3' title="bbox 331 378 2484 1408">
     <span class='ocr_line' id='line_1_3' title="bbox 640 378 2332 470; baseline 0.003 -26"><span class='ocrx_word' id='word_1_8' title='bbox 640 378 808 446; x_wconf 83' lang='lat' dir='ltr'>Litis</span> <span class='ocrx_word' id='word_1_9' title='bbox 845 380 1043 463; x_wconf 85' lang='lat' dir='ltr'>sequi,</span> <span class='ocrx_word' id='word_1_10' title='bbox 1081 401 1272 465; x_wconf 88' lang='lat' dir='ltr'>quam</span> <span class='ocrx_word' id='word_1_11' title='bbox 1306 380 1372 444; x_wconf 83' lang='lat' dir='ltr'>id</span> <span class='ocrx_word' id='word_1_12' title='bbox 1410 380 1564 445; x_wconf 87' lang='lat' dir='ltr'>mihi</span> <span class='ocrx_word' id='word_1_13' title='bbox 1600 380 1681 445; x_wconf 88' lang='lat' dir='ltr'>sit</span> <span class='ocrx_word' id='word_1_14' title='bbox 1713 379 1899 446; x_wconf 86' lang='lat' dir='ltr'>facile</span> <span class='ocrx_word' id='word_1_15' title='bbox 1932 390 2125 465; x_wconf 87' lang='lat' dir='ltr'>atque</span> <span class='ocrx_word' id='word_1_16' title='bbox 2158 382 2332 470; x_wconf 63' lang='lat' dir='ltr'>Effile’</span> 
     </span>
     <span class='ocr_line' id='line_1_4' title="bbox 639 474 2271 562; baseline 0.002 -23"><span class='ocrx_word' id='word_1_17' title='bbox 639 474 934 540; x_wconf 76' lang='lat' dir='ltr'>Aliorum</span> <span class='ocrx_word' id='word_1_18' title='bbox 972 476 1262 562; x_wconf 80' lang='lat' dir='ltr'>exempla</span> <span class='ocrx_word' id='word_1_19' title='bbox 1299 478 1720 541; x_wconf 78' lang='lat' dir='ltr'>commonent.</span> <span class='ocrx_word' id='word_1_20' title='bbox 1760 476 1948 540; x_wconf 87' lang='lat' dir='ltr'>simul</span> <span class='ocrx_word' id='word_1_21' title='bbox 1981 476 2271 555; x_wconf 76' lang='lat' dir='ltr'>arbitror,</span> 
     </span>
     <span class='ocr_line' id='line_1_5' title="bbox 637 569 2401 653; baseline 0.001 -20"><span class='ocrx_word' id='word_1_22' title='bbox 637 570 779 633; x_wconf 87' lang='lat' dir='ltr'>Iam</span> <span class='ocrx_word' id='word_1_23' title='bbox 813 569 1088 653; x_wconf 83' lang='lat' dir='ltr'><strong>aliquem</strong></span> <span class='ocrx_word' id='word_1_24' title='bbox 1123 572 1261 635; x_wconf 74' lang='lat' dir='ltr'>esse</span> <span class='ocrx_word' id='word_1_25' title='bbox 1298 569 1573 634; x_wconf 83' lang='lat' dir='ltr'>amioum</span> <span class='ocrx_word' id='word_1_26' title='bbox 1609 580 1672 635; x_wconf 91' lang='lat' dir='ltr'>et</span> <span class='ocrx_word' id='word_1_27' title='bbox 1699 569 2098 635; x_wconf 76' lang='lat' dir='ltr'>defensorem</span> <span class='ocrx_word' id='word_1_28' title='bbox 2133 572 2191 635; x_wconf 91' lang='lat' dir='ltr'>ei</span> <span class='ocrx_word' id='word_1_29' title='bbox 2200 596 2217 649; x_wconf 92' lang='lat'>;</span> <span class='ocrx_word' id='word_1_30' title='bbox 2253 574 2401 635; x_wconf 73' lang='lat' dir='ltr'>nam</span> 
     </span>
     <span class='ocr_line' id='line_1_6' title="bbox 1313 664 1448 729; baseline 0.007 -1"><span class='ocrx_word' id='word_1_31' title='bbox 1313 664 1448 729; x_wconf 88' lang='lat' dir='ltr'>fere</span> 
     </span>
     <span class='ocr_line' id='line_1_7' title="bbox 639 754 2168 843; baseline 0.001 -20"><span class='ocrx_word' id='word_1_32' title='bbox 639 754 1030 823; x_wconf 84' lang='lat' dir='ltr'>Grandioula</span> <span class='ocrx_word' id='word_1_33' title='bbox 1063 757 1191 823; x_wconf 89' lang='lat' dir='ltr'>iam</span> <span class='ocrx_word' id='word_1_34' title='bbox 1225 758 1570 843; x_wconf 77' lang='lat' dir='ltr'>profectast</span> <span class='ocrx_word' id='word_1_35' title='bbox 1602 758 1799 823; x_wconf 76' lang='lat' dir='ltr'>illino:</span> <span class='ocrx_word' id='word_1_36' title='bbox 1845 758 2168 824; x_wconf 74' lang='lat' dir='ltr'>clamitent</span> 
     </span>
     <span class='ocr_line' id='line_1_8' title="bbox 331 851 2484 938; baseline 0.004 -28"><span class='ocrx_word' id='word_1_37' title='bbox 331 857 434 911; x_wconf 88' lang='lat'>815</span> <span class='ocrx_word' id='word_1_38' title='bbox 635 852 752 917; x_wconf 92' lang='lat' dir='ltr'>Me</span> <span class='ocrx_word' id='word_1_39' title='bbox 788 851 1264 938; x_wconf 69' lang='lat' dir='ltr'><strong>sycophantam,</strong></span> <span class='ocrx_word' id='word_1_40' title='bbox 1300 852 1716 917; x_wconf 73' lang='lat' dir='ltr'>hereditatem</span> <span class='ocrx_word' id='word_1_41' title='bbox 1752 853 2047 938; x_wconf 79' lang='lat' dir='ltr'>persequi</span> <span class='ocrx_word' id='word_1_42' title='bbox 2426 871 2484 911; x_wconf 76' lang='lat'>20</span> 
     </span>
     <span class='ocr_line' id='line_1_9' title="bbox 634 945 2229 1032; baseline 0.001 -22"><span class='ocrx_word' id='word_1_43' title='bbox 634 945 1025 1012; x_wconf 85' lang='lat' dir='ltr'>Mendioum.</span> <span class='ocrx_word' id='word_1_44' title='bbox 1071 958 1207 1011; x_wconf 89' lang='lat' dir='ltr'>tum</span> <span class='ocrx_word' id='word_1_45' title='bbox 1242 947 1448 1031; x_wconf 84' lang='lat' dir='ltr'><strong>ipsam</strong></span> <span class='ocrx_word' id='word_1_46' title='bbox 1484 947 1835 1032; x_wconf 71' lang='lat' dir='ltr'>despoliare</span> <span class='ocrx_word' id='word_1_47' title='bbox 1870 949 2000 1012; x_wconf 77' lang='lat' dir='ltr'>non</span> <span class='ocrx_word' id='word_1_48' title='bbox 2033 947 2229 1012; x_wconf 91' lang='lat' dir='ltr'>lubet.</span> 
     </span>
     <span class='ocr_line' id='line_1_10' title="bbox 467 1036 2376 1126; baseline 0 -22"><span class='ocrx_word' id='word_1_49' title='bbox 467 1041 605 1105; x_wconf 76' lang='grc' dir='ltr'>ΜΥ.</span> <span class='ocrx_word' id='word_1_50' title='bbox 643 1036 706 1104; x_wconf 93' lang='lat' dir='ltr'>O</span> <span class='ocrx_word' id='word_1_51' title='bbox 744 1041 1001 1125; x_wconf 75' lang='lat' dir='ltr'>optume</span> <span class='ocrx_word' id='word_1_52' title='bbox 1036 1040 1294 1125; x_wconf 74' lang='lat' dir='ltr'>hospes!</span> <span class='ocrx_word' id='word_1_53' title='bbox 1340 1040 1470 1126; x_wconf 76' lang='lat' dir='ltr'>pol,</span> <span class='ocrx_word' id='word_1_54' title='bbox 1509 1038 1709 1118; x_wconf 86' lang='lat' dir='ltr'>Crito,</span> <span class='ocrx_word' id='word_1_55' title='bbox 1745 1040 2074 1125; x_wconf 87' lang='lat' dir='ltr'>antiquom</span> <span class='ocrx_word' id='word_1_56' title='bbox 2109 1040 2376 1105; x_wconf 81' lang='lat' dir='ltr'>obtines.</span> 
     </span>
     <span class='ocr_line' id='line_1_11' title="bbox 470 1131 2401 1218; baseline 0.001 -21"><span class='ocrx_word' id='word_1_57' title='bbox 470 1131 586 1198; x_wconf 68' lang='lat' dir='ltr'>Gn.</span> <span class='ocrx_word' id='word_1_58' title='bbox 632 1133 780 1200; x_wconf 86' lang='lat' dir='ltr'>Due</span> <span class='ocrx_word' id='word_1_59' title='bbox 824 1157 926 1200; x_wconf 91' lang='lat' dir='ltr'>me</span> <span class='ocrx_word' id='word_1_60' title='bbox 969 1134 1053 1199; x_wconf 74' lang='lat' dir='ltr'>ad</span> <span class='ocrx_word' id='word_1_61' title='bbox 1105 1157 1267 1211; x_wconf 88' lang='lat' dir='ltr'>eam,</span> <span class='ocrx_word' id='word_1_62' title='bbox 1321 1134 1576 1218; x_wconf 85' lang='lat' dir='ltr'>quando</span> <span class='ocrx_word' id='word_1_63' title='bbox 1619 1134 1747 1200; x_wconf 84' lang='lat' dir='ltr'>huo</span> <span class='ocrx_word' id='word_1_64' title='bbox 1790 1134 1960 1212; x_wconf 75' lang='lat' dir='ltr'>ueni,</span> <span class='ocrx_word' id='word_1_65' title='bbox 2012 1145 2082 1199; x_wconf 89' lang='lat' dir='ltr'>ut</span> <span class='ocrx_word' id='word_1_66' title='bbox 2125 1134 2401 1200; x_wconf 87' lang='lat' dir='ltr'>uideam.</span> 
     </span>
     <span class='ocr_line' id='line_1_12' title="bbox 1314 1229 1828 1293; baseline 0 -1"><span class='ocrx_word' id='word_1_67' title='bbox 1314 1230 1454 1293; x_wconf 75' lang='lat' dir='ltr'>MY.</span> <span class='ocrx_word' id='word_1_68' title='bbox 1498 1229 1828 1293; x_wconf 74' lang='lat' dir='ltr'>Maxume.</span> 
     </span>
     <span class='ocr_line' id='line_1_13' title="bbox 468 1320 2399 1408; baseline 0.001 -22"><span class='ocrx_word' id='word_1_69' title='bbox 468 1321 594 1386; x_wconf 76' lang='lat' dir='ltr'>DA.</span> <span class='ocrx_word' id='word_1_70' title='bbox 644 1320 893 1407; x_wconf 88' lang='lat' dir='ltr'>Sequar</span> <span class='ocrx_word' id='word_1_71' title='bbox 917 1320 1063 1388; x_wconf 79' lang='lat' dir='ltr'>hos:</span> <span class='ocrx_word' id='word_1_72' title='bbox 1099 1344 1202 1388; x_wconf 89' lang='lat' dir='ltr'>me</span> <span class='ocrx_word' id='word_1_73' title='bbox 1226 1322 1374 1388; x_wconf 89' lang='lat' dir='ltr'>nolo</span> <span class='ocrx_word' id='word_1_74' title='bbox 1398 1322 1465 1387; x_wconf 89' lang='lat' dir='ltr'>in</span> <span class='ocrx_word' id='word_1_75' title='bbox 1490 1326 1772 1408; x_wconf 73' lang='lat' dir='ltr'>tempore</span> <span class='ocrx_word' id='word_1_76' title='bbox 1799 1321 1921 1388; x_wconf 86' lang='lat' dir='ltr'>hoe</span> <span class='ocrx_word' id='word_1_77' title='bbox 1944 1321 2161 1388; x_wconf 71' lang='lat' dir='ltr'>uideat</span> <span class='ocrx_word' id='word_1_78' title='bbox 2185 1344 2399 1388; x_wconf 81' lang='lat' dir='ltr'><strong>senex.</strong></span> 
     </span>
    </p>
   </div>
   <div class='ocr_carea' id='block_1_4' title="bbox 1232 1549 1650 1570">
    <p class='ocr_par' dir='ltr' id='par_1_4' title="bbox 1232 1549 1650 1570">
     <span class='ocr_line' id='line_1_14' title="bbox 1232 1549 1650 1570; baseline 0 0"><span class='ocrx_word' id='word_1_79' title='bbox 1232 1549 1650 1570; x_wconf 95' lang='lat' dir='ltr'> </span> 
     </span>
    </p>
   </div>
   <div class='ocr_carea' id='block_1_5' title="bbox 1169 1782 1698 1865">
    <p class='ocr_par' dir='ltr' id='par_1_5' title="bbox 1169 1782 1698 1865">
     <span class='ocr_line' id='line_1_15' title="bbox 1169 1782 1698 1865; baseline 0.002 -2"><span class='ocrx_word' id='word_1_80' title='bbox 1169 1782 1541 1865; x_wconf 81' lang='lat' dir='ltr'><strong>AOTVS</strong></span> <span class='ocrx_word' id='word_1_81' title='bbox 1594 1782 1698 1864; x_wconf 89' lang='lat' dir='ltr'>V.</span> 
     </span>
    </p>
   </div>
   <div class='ocr_carea' id='block_1_6' title="bbox 1065 1931 1797 2094">
    <p class='ocr_par' dir='ltr' id='par_1_6' title="bbox 1065 1931 1797 2094">
     <span class='ocr_line' id='line_1_16' title="bbox 1065 1931 1797 2001; baseline 0 0"><span class='ocrx_word' id='word_1_82' title='bbox 1065 1931 1465 2001; x_wconf 73' lang='lat' dir='ltr'>CHREMES</span> <span class='ocrx_word' id='word_1_83' title='bbox 1586 1933 1797 2001; x_wconf 61' lang='lat' dir='ltr'>Sumo</span> 
     </span>
     <span class='ocr_line' id='line_1_17' title="bbox 1163 2051 1692 2094; baseline 0 -2"><span class='ocrx_word' id='word_1_84' title='bbox 1163 2051 1347 2094; x_wconf 60' lang='lat' dir='ltr'>smmis</span> <span class='ocrx_word' id='word_1_85' title='bbox 1644 2052 1692 2092; x_wconf 90' lang='lat'>11</span> 
     </span>
    </p>
   </div>
   <div class='ocr_carea' id='block_1_7' title="bbox 333 2163 2524 2605">
    <p class='ocr_par' dir='ltr' id='par_1_7' title="bbox 333 2163 2524 2605">
     <span class='ocr_line' id='line_1_18' title="bbox 333 2163 2524 2250; baseline -0.004 -15"><span class='ocrx_word' id='word_1_86' title='bbox 333 2181 436 2235; x_wconf 82' lang='lat'>820</span> <span class='ocrx_word' id='word_1_87' title='bbox 472 2165 593 2232; x_wconf 80' lang='lat' dir='ltr'>Cn.</span> <span class='ocrx_word' id='word_1_88' title='bbox 641 2165 812 2233; x_wconf 73' lang='lat' dir='ltr'>Satis</span> <span class='ocrx_word' id='word_1_89' title='bbox 846 2164 975 2229; x_wconf 88' lang='lat' dir='ltr'>iam</span> <span class='ocrx_word' id='word_1_90' title='bbox 1010 2164 1181 2241; x_wconf 86' lang='lat' dir='ltr'>satis,</span> <span class='ocrx_word' id='word_1_91' title='bbox 1221 2163 1422 2241; x_wconf 75' lang='lat' dir='ltr'>Simo,</span> <span class='ocrx_word' id='word_1_92' title='bbox 1459 2173 1741 2250; x_wconf 82' lang='lat' dir='ltr'>spectata</span> <span class='ocrx_word' id='word_1_93' title='bbox 1776 2167 1929 2249; x_wconf 74' lang='lat' dir='ltr'>erga</span> <span class='ocrx_word' id='word_1_94' title='bbox 1963 2175 2026 2229; x_wconf 89' lang='lat' dir='ltr'>te</span> <span class='ocrx_word' id='word_1_95' title='bbox 2072 2165 2399 2231; x_wconf 76' lang='lat' dir='ltr'>amicitiast</span> <span class='ocrx_word' id='word_1_96' title='bbox 2423 2186 2524 2236; x_wconf 63' lang='grc' dir='ltr'>τ’,ι</span> 
     </span>
     <span class='ocr_line' id='line_1_19' title="bbox 641 2280 2391 2438; baseline 0 -19"><span class='ocrx_word' id='word_1_97' title='bbox 641 2352 812 2420; x_wconf 78' lang='lat' dir='ltr'>Satis</span> <span class='ocrx_word' id='word_1_98' title='bbox 846 2352 1063 2438; x_wconf 80' lang='lat' dir='ltr'>pericli</span> <span class='ocrx_word' id='word_1_99' title='bbox 1096 2280 1541 2436; x_wconf 51' lang='grc' dir='ltr'>ἱυοέρίῗέῗιῖθε</span> <span class='ocrx_word' id='word_1_100' title='bbox 1588 2350 1810 2415; x_wconf 76' lang='lat' dir='ltr'>orandi</span> <span class='ocrx_word' id='word_1_101' title='bbox 1845 2351 1972 2415; x_wconf 87' lang='lat' dir='ltr'>iam</span> <span class='ocrx_word' id='word_1_102' title='bbox 2006 2352 2197 2415; x_wconf 75' lang='lat' dir='ltr'>finem</span> <span class='ocrx_word' id='word_1_103' title='bbox 2231 2353 2391 2419; x_wconf 83' lang='lat' dir='ltr'>face.</span> 
     </span>
     <span class='ocr_line' id='line_1_20' title="bbox 638 2445 2399 2605; baseline -0.001 -92"><span class='ocrx_word' id='word_1_104' title='bbox 638 2448 814 2513; x_wconf 68' lang='lat' dir='ltr'>Dfim</span> <span class='ocrx_word' id='word_1_105' title='bbox 877 2447 1099 2513; x_wconf 86' lang='lat' dir='ltr'>studeo</span> <span class='ocrx_word' id='word_1_106' title='bbox 1161 2445 1633 2605; x_wconf 43' lang='lat' dir='ltr'>obsegffitetibi,</span> <span class='ocrx_word' id='word_1_107' title='bbox 1693 2467 1899 2530; x_wconf 83' lang='lat' dir='ltr'>paene</span> <span class='ocrx_word' id='word_1_108' title='bbox 1958 2446 2148 2511; x_wconf 70' lang='lat' dir='ltr'>inlfisi</span> <span class='ocrx_word' id='word_1_109' title='bbox 2204 2448 2399 2512; x_wconf 88' lang='lat' dir='ltr'>uitam</span> 
     </span>
    </p>
   </div>
   <div class='ocr_carea' id='block_1_8' title="bbox 325 2617 2498 4105">
    <p class='ocr_par' dir='ltr' id='par_1_8' title="bbox 325 2617 2498 4105">
     <span class='ocr_line' id='line_1_21' title="bbox 472 2617 2403 2718; baseline -0.002 -15"><span class='ocrx_word' id='word_1_110' title='bbox 472 2635 565 2703; x_wconf 85' lang='lat' dir='ltr'>S1.</span> <span class='ocrx_word' id='word_1_111' title='bbox 634 2617 840 2701; x_wconf 63' lang='lat' dir='ltr'>immo</span> <span class='ocrx_word' id='word_1_112' title='bbox 886 2634 1054 2700; x_wconf 89' lang='lat' dir='ltr'>enim</span> <span class='ocrx_word' id='word_1_113' title='bbox 1095 2655 1265 2699; x_wconf 85' lang='lat' dir='ltr'>nuno</span> <span class='ocrx_word' id='word_1_114' title='bbox 1309 2655 1500 2717; x_wconf 86' lang='lat' dir='ltr'>quom</span> <span class='ocrx_word' id='word_1_115' title='bbox 1545 2635 1842 2698; x_wconf 75' lang='lat' dir='ltr'>maxume</span> <span class='ocrx_word' id='word_1_116' title='bbox 1885 2633 2002 2697; x_wconf 89' lang='lat' dir='ltr'>abs</span> <span class='ocrx_word' id='word_1_117' title='bbox 2047 2644 2109 2699; x_wconf 89' lang='lat' dir='ltr'>te</span> <span class='ocrx_word' id='word_1_118' title='bbox 2152 2634 2403 2718; x_wconf 79' lang='lat' dir='ltr'>postulo</span> 
     </span>
     <span class='ocr_line' id='line_1_22' title="bbox 1316 2724 2039 2812; baseline -0.003 -20"><span class='ocrx_word' id='word_1_119' title='bbox 1316 2738 1505 2812; x_wconf 85' lang='lat' dir='ltr'>atque</span> <span class='ocrx_word' id='word_1_120' title='bbox 1541 2728 1673 2805; x_wconf 79' lang='lat' dir='ltr'>oro,</span> <span class='ocrx_word' id='word_1_121' title='bbox 1712 2724 2039 2804; x_wconf 87' lang='lat' dir='ltr'>Chremes,</span> 
     </span>
     <span class='ocr_line' id='line_1_23' title="bbox 637 2802 2498 2889; baseline -0.002 0"><span class='ocrx_word' id='word_1_122' title='bbox 637 2802 730 2889; x_wconf 65' lang='lat' dir='ltr'>Vt</span> <span class='ocrx_word' id='word_1_123' title='bbox 745 2822 1123 2888; x_wconf 78' lang='lat' dir='ltr'>beneficium</span> <span class='ocrx_word' id='word_1_124' title='bbox 1158 2821 1371 2886; x_wconf 74' lang='lat' dir='ltr'>uerbis</span> <span class='ocrx_word' id='word_1_125' title='bbox 1407 2820 1631 2886; x_wconf 88' lang='lat' dir='ltr'>initum</span> <span class='ocrx_word' id='word_1_126' title='bbox 1659 2821 1899 2885; x_wconf 72' lang='lat' dir='ltr'>dfidum</span> <span class='ocrx_word' id='word_1_127' title='bbox 1935 2843 2104 2885; x_wconf 86' lang='lat' dir='ltr'>nune</span> <span class='ocrx_word' id='word_1_128' title='bbox 2130 2842 2200 2885; x_wconf 87' lang='lat' dir='ltr'>re</span> <span class='ocrx_word' id='word_1_129' title='bbox 2231 2823 2404 2887; x_wconf 78' lang='lat' dir='ltr'>eom·</span> <span class='ocrx_word' id='word_1_130' title='bbox 2462 2842 2498 2885; x_wconf 81' lang='lat'><strong>5</strong></span> 
     </span>
     <span class='ocr_line' id='line_1_24' title="bbox 1318 2913 1567 2999; baseline 0 -21"><span class='ocrx_word' id='word_1_131' title='bbox 1318 2913 1567 2999; x_wconf 87' lang='lat' dir='ltr'>probes.</span> 
     </span>
     <span class='ocr_line' id='line_1_25' title="bbox 332 3006 2399 3094; baseline -0.001 -18"><span class='ocrx_word' id='word_1_132' title='bbox 332 3023 434 3077; x_wconf 81' lang='lat'>825</span> <span class='ocrx_word' id='word_1_133' title='bbox 471 3006 590 3073; x_wconf 82' lang='lat' dir='ltr'>Cn.</span> <span class='ocrx_word' id='word_1_134' title='bbox 634 3009 802 3076; x_wconf 88' lang='lat' dir='ltr'>Vide</span> <span class='ocrx_word' id='word_1_135' title='bbox 829 3031 1020 3094; x_wconf 89' lang='lat' dir='ltr'>quam</span> <span class='ocrx_word' id='word_1_136' title='bbox 1045 3007 1294 3091; x_wconf 87' lang='lat' dir='ltr'>iniquos</span> <span class='ocrx_word' id='word_1_137' title='bbox 1323 3010 1408 3071; x_wconf 88' lang='lat' dir='ltr'>sis</span> <span class='ocrx_word' id='word_1_138' title='bbox 1435 3030 1588 3093; x_wconf 86' lang='lat' dir='ltr'>prae</span> <span class='ocrx_word' id='word_1_139' title='bbox 1620 3008 1857 3072; x_wconf 85' lang='lat' dir='ltr'>studio:</span> <span class='ocrx_word' id='word_1_140' title='bbox 1888 3007 2039 3072; x_wconf 63' lang='lat' dir='ltr'>dam</span> <span class='ocrx_word' id='word_1_141' title='bbox 2066 3007 2133 3071; x_wconf 85' lang='lat' dir='ltr'>id</span> <span class='ocrx_word' id='word_1_142' title='bbox 2160 3008 2399 3073; x_wconf 84' lang='lat' dir='ltr'>efficias</span> 
     </span>
     <span class='ocr_line' id='line_1_26' title="bbox 1313 3102 1721 3188; baseline 0.002 -23"><span class='ocrx_word' id='word_1_143' title='bbox 1313 3102 1487 3185; x_wconf 74' lang='lat' dir='ltr'>quod</span> <span class='ocrx_word' id='word_1_144' title='bbox 1522 3103 1721 3188; x_wconf 85' lang='lat' dir='ltr'>cupis,</span> 
     </span>
     <span class='ocr_line' id='line_1_27' title="bbox 634 3195 2398 3282; baseline -0.001 -20"><span class='ocrx_word' id='word_1_145' title='bbox 634 3196 862 3282; x_wconf 74' lang='lat' dir='ltr'>Neque</span> <span class='ocrx_word' id='word_1_146' title='bbox 904 3196 1165 3261; x_wconf 87' lang='lat' dir='ltr'>modum</span> <span class='ocrx_word' id='word_1_147' title='bbox 1208 3195 1616 3280; x_wconf 76' lang='lat' dir='ltr'>benignitatis</span> <span class='ocrx_word' id='word_1_148' title='bbox 1662 3197 1869 3281; x_wconf 75' lang='lat' dir='ltr'>neque</span> <span class='ocrx_word' id='word_1_149' title='bbox 1914 3195 2068 3279; x_wconf 88' lang='lat' dir='ltr'>quid</span> <span class='ocrx_word' id='word_1_150' title='bbox 2111 3218 2212 3260; x_wconf 89' lang='lat' dir='ltr'>me</span> <span class='ocrx_word' id='word_1_151' title='bbox 2257 3217 2398 3261; x_wconf 88' lang='lat' dir='ltr'>ores</span> 
     </span>
     <span class='ocr_line' id='line_1_28' title="bbox 1312 3290 1583 3375; baseline 0.004 -22"><span class='ocrx_word' id='word_1_152' title='bbox 1312 3290 1583 3375; x_wconf 78' lang='lat' dir='ltr'>eogitas3</span> 
     </span>
     <span class='ocr_line' id='line_1_29' title="bbox 633 3381 2397 3469; baseline 0 -21"><span class='ocrx_word' id='word_1_153' title='bbox 633 3384 801 3449; x_wconf 76' lang='lat' dir='ltr'>Nam</span> <span class='ocrx_word' id='word_1_154' title='bbox 837 3384 890 3448; x_wconf 88' lang='lat' dir='ltr'>si</span> <span class='ocrx_word' id='word_1_155' title='bbox 927 3384 1187 3469; x_wconf 77' lang='lat' dir='ltr'>cogites,</span> <span class='ocrx_word' id='word_1_156' title='bbox 1222 3384 1506 3448; x_wconf 86' lang='lat' dir='ltr'>remittas</span> <span class='ocrx_word' id='word_1_157' title='bbox 1542 3384 1667 3447; x_wconf 76' lang='lat' dir='ltr'>iam</span> <span class='ocrx_word' id='word_1_158' title='bbox 1701 3405 1805 3447; x_wconf 91' lang='lat' dir='ltr'>me</span> <span class='ocrx_word' id='word_1_159' title='bbox 1840 3405 2101 3448; x_wconf 87' lang='lat' dir='ltr'>onerare</span> <span class='ocrx_word' id='word_1_160' title='bbox 2136 3381 2397 3448; x_wconf 70' lang='lat' dir='ltr'>initii-iis,</span> 
     </span>
     <span class='ocr_line' id='line_1_30' title="bbox 468 3476 2401 3564; baseline -0.003 -19"><span class='ocrx_word' id='word_1_161' title='bbox 468 3477 558 3545; x_wconf 77' lang='lat' dir='ltr'>St.</span> <span class='ocrx_word' id='word_1_162' title='bbox 629 3477 921 3559; x_wconf 78' lang='lat' dir='ltr'>Quibus?</span> <span class='ocrx_word' id='word_1_163' title='bbox 967 3476 1086 3544; x_wconf 83' lang='lat' dir='ltr'>Cn.</span> <span class='ocrx_word' id='word_1_164' title='bbox 1120 3478 1218 3541; x_wconf 90' lang='lat' dir='ltr'>-At</span> <span class='ocrx_word' id='word_1_165' title='bbox 1242 3478 1519 3562; x_wconf 81' lang='lat' dir='ltr'>rogitas?</span> <span class='ocrx_word' id='word_1_166' title='bbox 1554 3477 1884 3564; x_wconf 75' lang='lat' dir='ltr'>perpulisti</span> <span class='ocrx_word' id='word_1_167' title='bbox 1912 3500 2033 3554; x_wconf 88' lang='lat' dir='ltr'>me,</span> <span class='ocrx_word' id='word_1_168' title='bbox 2059 3478 2132 3540; x_wconf 79' lang='lat' dir='ltr'>1&#39;1t</span> <span class='ocrx_word' id='word_1_169' title='bbox 2158 3476 2401 3540; x_wconf 88' lang='lat' dir='ltr'>homini</span> 
     </span>
     <span class='ocr_line' id='line_1_31' title="bbox 1311 3571 1783 3635; baseline -0.002 0"><span class='ocrx_word' id='word_1_170' title='bbox 1311 3571 1783 3635; x_wconf 72' lang='lat' dir='ltr'>adulescentulo</span> 
     </span>
     <span class='ocr_line' id='line_1_32' title="bbox 633 3646 2496 3750; baseline -0.002 -21"><span class='ocrx_word' id='word_1_171' title='bbox 633 3646 714 3729; x_wconf 76' lang='lat' dir='ltr'>in</span> <span class='ocrx_word' id='word_1_172' title='bbox 750 3665 872 3730; x_wconf 89' lang='lat' dir='ltr'>alio</span> <span class='ocrx_word' id='word_1_173' title='bbox 909 3667 1215 3750; x_wconf 71' lang='lat' dir='ltr'>occupato</span> <span class='ocrx_word' id='word_1_174' title='bbox 1252 3687 1486 3742; x_wconf 88' lang='lat' dir='ltr'>amore,</span> <span class='ocrx_word' id='word_1_175' title='bbox 1525 3663 1885 3730; x_wconf 79' lang='lat' dir='ltr'>abhorrenti</span> <span class='ocrx_word' id='word_1_176' title='bbox 1930 3663 2012 3728; x_wconf 88' lang='lat' dir='ltr'>ab</span> <span class='ocrx_word' id='word_1_177' title='bbox 2047 3687 2116 3730; x_wconf 89' lang='lat' dir='ltr'>re</span> <span class='ocrx_word' id='word_1_178' title='bbox 2150 3663 2395 3740; x_wconf 78' lang='lat' dir='ltr'>uxoria,</span> <span class='ocrx_word' id='word_1_179' title='bbox 2434 3686 2496 3726; x_wconf 82' lang='grc' dir='ltr'>ιο</span> 
     </span>
     <span class='ocr_line' id='line_1_33' title="bbox 325 3756 2398 3842; baseline -0.003 -15"><span class='ocrx_word' id='word_1_180' title='bbox 325 3774 428 3827; x_wconf 78' lang='lat'>830</span> <span class='ocrx_word' id='word_1_181' title='bbox 631 3758 862 3823; x_wconf 81' lang='lat' dir='ltr'>Filiam</span> <span class='ocrx_word' id='word_1_182' title='bbox 905 3769 977 3823; x_wconf 91' lang='lat' dir='ltr'>ut</span> <span class='ocrx_word' id='word_1_183' title='bbox 1013 3759 1230 3822; x_wconf 86' lang='lat' dir='ltr'>darem</span> <span class='ocrx_word' id='word_1_184' title='bbox 1264 3760 1332 3822; x_wconf 89' lang='lat' dir='ltr'>in</span> <span class='ocrx_word' id='word_1_185' title='bbox 1378 3757 1748 3823; x_wconf 85' lang='lat' dir='ltr'>seditionem</span> <span class='ocrx_word' id='word_1_186' title='bbox 1781 3761 1973 3842; x_wconf 75' lang='lat' dir='ltr'>atque</span> <span class='ocrx_word' id='word_1_187' title='bbox 2016 3757 2084 3821; x_wconf 92' lang='lat' dir='ltr'>in</span> <span class='ocrx_word' id='word_1_188' title='bbox 2125 3756 2398 3820; x_wconf 81' lang='lat' dir='ltr'>incertas</span> 
     </span>
     <span class='ocr_line' id='line_1_34' title="bbox 1307 3853 1581 3937; baseline -0.004 -21"><span class='ocrx_word' id='word_1_189' title='bbox 1307 3853 1581 3937; x_wconf 76' lang='lat' dir='ltr'>n1&#39;1ptia8‚</span> 
     </span>
     <span class='ocr_line' id='line_1_35' title="bbox 628 3943 2399 4031; baseline -0.002 -22"><span class='ocrx_word' id='word_1_190' title='bbox 628 3945 788 4010; x_wconf 87' lang='lat' dir='ltr'>Eius</span> <span class='ocrx_word' id='word_1_191' title='bbox 825 3946 1040 4012; x_wconf 88' lang='lat' dir='ltr'>labore</span> <span class='ocrx_word' id='word_1_192' title='bbox 1077 3957 1267 4029; x_wconf 87' lang='lat' dir='ltr'>atque</span> <span class='ocrx_word' id='word_1_193' title='bbox 1304 3950 1438 4011; x_wconf 85' lang='lat' dir='ltr'>eius</span> <span class='ocrx_word' id='word_1_194' title='bbox 1468 3946 1682 4010; x_wconf 89' lang='lat' dir='ltr'>dolore</span> <span class='ocrx_word' id='word_1_195' title='bbox 1719 3948 1910 4031; x_wconf 70' lang='lat' dir='ltr'>gnato</span> <span class='ocrx_word' id='word_1_196' title='bbox 1946 3954 2017 4009; x_wconf 91' lang='lat' dir='ltr'>ut</span> <span class='ocrx_word' id='word_1_197' title='bbox 2046 3943 2399 4008; x_wconf 78' lang='lat' dir='ltr'>medicarer</span> 
     </span>
     <span class='ocr_line' id='line_1_36' title="bbox 1301 4052 1429 4105; baseline 0 0"><span class='ocrx_word' id='word_1_198' title='bbox 1301 4052 1429 4105; x_wconf 77' lang='lat' dir='ltr'>tuo·</span> 
     </span>
    </p>
   </div>
  </div>
 </body>
</html>
