2792 4617
2442 3 2697 35 ‘'num—TW-m'
2712 5 2719 8 ⁷

505 266 625 331 138
1259 276 1671 336 EvaeHvs
2404 280 2478 348 v,
2501 279 2540 333 2

497 404 616 468 ΤΗ.
663 401 838 484 Quid
887 402 1166 467 feceras?
1229 401 1346 468 On.
1400 403 1677 468 Paulum
1729 401 2047 487 quiddam.
2118 402 2233 467 ΡΥ.
2287 401 2433 467 Eho

1344 496 1682 583 ‘paulum',
1717 497 2067 583 inpudens?

667 591 775 654 An
809 590 1071 677 pafflum
1106 590 1226 656 hoc
1261 613 1400 656 esee
1436 592 1553 655 tibi
1585 590 1857 669 uidetur,
1896 590 2211 677 uirginem

665 685 909 752 Vitiare
944 684 1186 750 ciuem?
1257 682 1376 749 Ca.
1415 683 1809 750 Genseruam
1844 707 1983 750 esse
2017 684 2273 750 credidi.

495 777 611 843 ΡΥ.
665 776 1099 844 Conseruam?
1133 779 1244 844 uix
1279 802 1383 844 me
1419 780 1708 845 centineo
1743 779 1897 863 quin
1929 779 2209 845 inuelem
2457 796 2513 837 ιο

358 879 462 934 860
663 871 951 939 Monstro
1002 876 1070 937 in
1122 873 1449 960 capillum:
1512 873 1701 938 etiam
1761 875 1926 940 ultro
1988 874 2264 940 derisum
2317 872 2431 937 ad-

1341 967 1536 1033 uenit.

496 1060 616 1125 Τιι.
659 1060 837 1126 Abin
869 1061 1036 1138 hinc,
1080 1061 1339 1127 insana?
1407 1062 1524 1126 ΡΥ.
1561 1060 1736 1142 Quid
1769 1060 1860 1126 ita
1893 1062 2086 1127 uero?
2137 1060 2426 1139 debeam,

667 1153 898 1232 Crede,
933 1156 1038 1220 isti
1071 1155 1414 1241 quicquam
1448 1156 1766 1232 furcifem,
1802 1155 1856 1220 si
1889 1155 1958 1220 id
1990 1156 2277 1233 fecerim3

667 1248 1052 1316 Praesertim
1086 1271 1279 1335 quom
1316 1273 1385 1316 se
1431 1252 1681 1315 seruom
1715 1249 1990 1314 fateatur
2023 1260 2219 1314 tuom.

496 1342 613 1406 ΤΗ.
659 1342 867 1408 Missa
901 1343 1057 1409 haec
1090 1344 1418 1410 faciamus.
1485 1345 1614 1408 nen
1648 1354 1712 1408 te
1748 1342 2032 1429 dignum,
2070 1341 2378 1421 Chaerea,
2455 1360 2511 1402 ιε

357 1453 460 1508 865
662 1437 926 1515 Fecisti3
962 1461 1112 1503 nam
1146 1439 1201 1503 si
1234 1460 1356 1524 ego
1392 1438 1586 1523 digna
1621 1437 1740 1502 hac
1775 1437 2153 1502 contumelia

667 1529 829 1596 Sum
863 1533 1177 1609 maxume,
1215 1542 1281 1595 at
1314 1542 1389 1601 tu
1420 1531 1718 1616 indignus
1753 1530 1864 1615 qui
1897 1530 2138 1596 faceres
2173 1540 2406 1598 tamen.

664 1624 891 1707 Neque
926 1624 1151 1711 edepol
1186 1624 1341 1710 quid
1373 1647 1545 1690 nunc
1579 1624 1800 1690 censili
1833 1623 2079 1710 capiam
2114 1623 2244 1689 scio

663 1716 770 1782 De
804 1717 1051 1803 uirgine
1083 1718 1269 1783 istac:
1304 1720 1394 1783 ita
1430 1718 1819 1784 conturbasti
1851 1717 2006 1782 mihi

663 1811 967 1875 Ratienee
1002 1811 1225 1889 omnia,
1265 1813 1336 1876 1'1t
1371 1835 1511 1877 eam
1545 1833 1673 1877 non
1708 1812 1944 1898 possim
1978 1810 2107 1877 suis
2454 1829 2508 1869 8⁰

357 1913 463 1968 870
663 1905 766 1969 Ita
799 1917 871 1969 ut
906 1907 1176 1990 aequom
1207 1905 1416 1971 fuerat
1449 1909 1641 1990 etque
1675 1916 1747 1970 ut
1780 1905 1993 1970 studui
2027 1904 2294 1983 tradere,

664 2000 755 2065 Vt
789 1999 1060 2064 selidum
1095 2021 1381 2085 parerem
1416 1999 1537 2065 hoc
1570 2002 1660 2063 ml
1684 1999 2080 2076 beneficium,
2120 1997 2428 2064 Chaerea.

497 2091 619 2159 Cn.
661 2093 757 2157 At
790 2094 962 2158 nunc
995 2092 1222 2159 dehinc
1258 2115 1444 2179 spero
1470 2096 1789 2158 aeternam
1823 2094 1986 2159 inter
2009 2114 2125 2158 nos
2159 2093 2430 2179 gretiam

662 2187 848 2263 Fore,
885 2186 1103 2252 Thais.
1174 2210 1363 2273 saepe
1401 2210 1481 2252 ex
1516 2186 1704 2252 huius
1739 2187 1911 2252 modi
1946 2210 2015 2253 re
2050 2188 2351 2274 quapiam

664 2281 844 2346 Male
880 2280 1186 2368 principio
1219 2284 1456 2367 magna
1488 2281 1879 2347 familiaritas
2453 2299 2506 2341 35

357 2383 460 2438 875
667 2374 1038 2440 Conflataet.
1108 2375 1264 2461 quid
1298 2375 1351 2440 si
1384 2376 1507 2440 hoc
1541 2375 1856 2462 quispiam
1891 2375 2093 2441 uoluit
2129 2375 2324 2440 deus?

496 2469 615 2532 ΤΗ.
661 2468 978 2554 Equidem
1012 2469 1120 2555 pol
1152 2470 1222 2533 in
1254 2491 1395 2535 eam
1428 2469 1673 2554 partem
1708 2469 2074 2555 accipioque
2109 2471 2171 2534 et
2205 2469 2374 2536 uolo.

496 2561 616 2628 Cn.
660 2565 865 2628 Immo
899 2566 989 2628 ita
1021 2584 1276 2648 quaeso,
1345 2585 1548 2628 unum
1582 2564 1704 2629 hoc
1739 2566 1915 2641 scitu,
1951 2564 2370 2631 contumeliae

662 2658 810 2723 Non
845 2660 947 2722 me
981 2657 1208 2723 fecisse
1242 2659 1455 2735 cauea,
1492 2658 1605 2724 sed
1637 2660 1886 2723 amoris.
1971 2657 2093 2722 ΤΗ.
2132 2656 2301 2737 Scio,

663 2752 752 2818 Et
782 2753 891 2839 pel
924 2762 1256 2838 propterea
1288 2752 1494 2838 magis
1528 2774 1699 2818 nunc
1732 2752 1990 2837 ignosce
2029 2751 2163 2816 tibi.
2449 2772 2506 2812 ιο

357 2852 463 2909 880
662 2844 812 2933 Non
844 2846 1004 2910 adeo
1036 2846 1382 2910 inhumano
1415 2846 1672 2931 ingenio
1705 2869 1868 2923 sum,
1906 2844 2213 2923 Chaerea,

661 2939 889 3023 Neque
920 2940 1012 3004 ita
1041 2940 1331 3026 inperita,
1366 2950 1438 3003 ut
1469 2940 1626 3023 quid
1661 2962 1837 3005 amor
1868 2941 2079 3005 ualeat
2112 2941 2409 3007 nesciam.

497 3031 618 3099 On.
661 3033 759 3100 Te
801 3034 1056 3119 queque
1106 3033 1254 3112 iam,
1307 3033 1525 3110 Thais,
1576 3036 1667 3099 ita
1714 3056 1818 3100 me
1861 3034 1927 3097 di
1976 3035 2141 3101 bene
2191 3037 2425 3114 ament,

1339 3148 1504 3191 amc.

493 3221 612 3286 ΡΥ.
665 3218 835 3285 Tum
866 3220 975 3306 pel
1009 3219 1123 3284 tibi
1158 3222 1238 3286 ab
1272 3220 1452 3297 istoc,
1488 3222 1615 3298 era,
1651 3222 2007 3287 cauendum
2039 3220 2358 3310 intellego.

496 3314 616 3381 On.
661 3312 809 3443 Non
852 3314 1074 3380 ausim.
1160 3313 1276 3379 ΡΥ.
1319 3314 1431 3378 Nil
1474 3315 1589 3379 tibi
1624 3318 1963 3400 quicquam
2006 3316 2216 3424 credo.
2304 3318 2426 3382 ΤΗ.
2451 3334 2507 3377 45

1339 3408 1637 3474 DesinaS.

360 3520 462 3574 885
497 3500 618 3568 Cn.
661 3438 852 3567 Nunc
885 3505 1007 3588 ego
1042 3512 1105 3568 te
1139 3503 1206 3567 in
1240 3501 1360 3566 hac
1392 3524 1463 3567 re
1498 3504 1585 3566 mi
1621 3506 1731 3569 ero
1765 3514 1839 3569 ut
1872 3503 2144 3569 adiutrix
2180 3503 2325 3582 sice,

665 3596 811 3682 Ego
845 3599 948 3662 me
983 3606 1129 3661 tuae
1165 3597 1536 3662 commendo
1572 3608 1635 3662 et
1670 3597 1992 3663 committe
2036 3597 2180 3674 fide,

668 3691 764 3755 Te
799 3690 954 3754 mihi
986 3700 1315 3775 patronam
1350 3691 1552 3776 cepiO,
1589 3690 1806 3767 Thais,
1842 3701 1906 3755 te
1942 3691 2233 3757 ebsecro:

667 3784 980 3861 Emeriar,
1016 3784 1071 3849 si
1103 3806 1233 3848 non
1265 3783 1430 3848 hene
1466 3807 1724 3849 uxorem
1760 3785 2020 3849 duxero.

500 3879 622 3944 Τιι.
667 3874 914 3944 Tamen
965 3880 1020 3942 ei
1069 3889 1250 3963 pater
1292 3878 1500 3961 quid.
1539 3879 1603 3942 ,ἲ
1674 3876 1794 3944 Cn.
1845 3859 1958 3943 Ah
2001 3878 2205 3956 uolet,
2258 3880 2430 3945 certe
2455 3897 2509 3938 ω

1342 3972 1494 4050 scic,

362 4074 465 4128 890
671 4063 850 4131 Ciuis
883 4063 1072 4131 modo
1109 4065 1264 4132 haec
1298 4065 1398 4131 eit.
1482 4065 1602 4130 ΤΗ.
1638 4065 1982 4133 Paululum
2019 4067 2362 4153 opperirier
