2792 4617
248 367 306 438 Ι,
331 368 374 424 2
1196 368 1496 424 ANDRIA
2225 346 2307 413 15

554 492 807 556 Astfite.
879 491 970 558 81.
1027 489 1355 557 Carnufex
1390 512 1554 574 quae
1588 488 1903 574 loquitur?
1969 488 2095 554 DA.
2139 469 2308 551 Erus

1233 595 1347 662 est,
1383 606 1589 668 neque
1625 583 2044 670 prouideram.

382 677 482 745 81.
553 678 760 744 Daue.
832 678 960 744 DA.
997 681 1191 756 Hem,
1223 680 1376 764 quid
1404 680 1535 744 est?
1606 677 1698 744 81.
1732 677 1878 742 Eho
1906 678 2059 742 dum
2086 676 2168 740 ad
2191 698 2311 741 me.

1231 774 1359 839 DA.
1375 772 1552 854 Quid
1570 773 1674 837 hio
1690 773 1863 837 uolt?
1883 771 1975 838 81.
1990 770 2164 852 Quid
2182 770 2311 836 a’is?

1233 868 1362 933 DA.
1404 865 1552 947 Qua
1589 867 1667 931 de
1703 868 1809 931 re?
1880 865 1972 932 81.
2010 867 2264 952 Rogas?

557 960 782 1026 Meum
816 961 1081 1049 gnatum
1108 984 1324 1027 rumor
1351 964 1448 1026 est
1474 984 1703 1027 amare.
1775 961 1902 1028 DA.
1939 961 2020 1026 Id
2042 961 2314 1047 pepulus
2352 960 2453 1015 185

1236 1066 1416 1122 curat
1452 1056 1705 1120 scilicet.

300 1166 360 1207 15
388 1149 483 1216 S1.
556 1152 806 1216 Hocine
833 1151 970 1238 agis
999 1175 1081 1216 an
1106 1153 1273 1217 non?
1324 1152 1454 1215 DA.
1492 1134 1637 1237 Ego
1654 1170 1808 1214 uero
1835 1150 2016 1216 istuc.
2074 1148 2164 1215 81.
2187 1149 2319 1216 Sed

1236 1267 1407 1310 nune
1442 1268 1519 1309 ea
1552 1268 1654 1309 me
1690 1245 2015 1328 exquirere

563 1339 775 1424 Iniqui
807 1339 1005 1426 patris
1041 1350 1136 1405 est
1146 1365 1164 1418 3
1210 1339 1359 1404 nam
1394 1338 1569 1422 quod
1603 1338 1870 1403 antehae
1911 1338 2081 1416 feeit,
2117 1339 2205 1402 nil
2239 1339 2323 1402 ad

1234 1455 1337 1498 me
1374 1433 1617 1498 attinet.

561 1524 740 1591 Dum
783 1530 1031 1614 tempus
1076 1527 1157 1593 ad
1202 1551 1344 1593 eam
1377 1530 1512 1592 rem
1548 1527 1709 1604 tulit,
1752 1526 1896 1604 siui,
1941 1526 2220 1591 animum
2252 1536 2323 1592 ut

1240 1623 1528 1707 expleret
1564 1643 1745 1686 suom
1755 1645 1773 1698 3

564 1713 753 1780 Nune
803 1715 905 1782 hic
959 1716 1095 1781 dies
1147 1716 1335 1782 aliam
1379 1717 1579 1780 uitam
1624 1715 1856 1792 adfert,
1910 1714 2065 1779 alios
2116 1737 2323 1780 mores

1243 1811 1550 1896 pestulat:

564 1902 821 1970 Dehine
861 1904 1112 1991 pestulo
1154 1905 1291 1970 siue
1337 1907 1670 1989 aequomst
1712 1915 1774 1969 te
1822 1926 1952 1981 ore,
1998 1902 2207 1981 Daue,
2252 1915 2326 1968 ut
2360 1914 2462 1967 190

1241 2000 1461 2065 redeat
1493 2000 1623 2063 iam
1658 2000 1726 2062 111
1759 1999 1950 2063 uiam.

306 2112 367 2151 20
569 2092 715 2159 Hoc
768 2093 922 2178 quid
976 2094 1097 2158 sit?
1148 2116 1388 2173 omnes,
1445 2095 1556 2179 qui
1599 2104 1835 2172 amant,
1887 2093 2168 2179 grauiter
2209 2094 2329 2159 sibi

1247 2188 1384 2253 dari
1419 2190 1683 2253 uxorem
1717 2188 1947 2252 ferunt.

393 2277 528 2342 DA.
574 2279 675 2344 Ita
716 2281 910 2346 aiunt.
1001 2281 1093 2349 81.
1139 2282 1311 2346 Tum
1356 2282 1410 2347 si
1455 2283 1595 2366 quis
1638 2282 2013 2366 magistrum
2048 2281 2213 2366 cepit
2247 2281 2330 2345 ad

1250 2400 1389 2442 eam
1426 2399 1560 2441 rem
1596 2375 1954 2461 inprobum,

570 2468 792 2554 Ipsum
835 2469 1115 2535 animum
1161 2481 1494 2556 aegrotum
1541 2470 1622 2534 ad
1670 2470 2042 2534 deteriorem
2085 2469 2327 2554 partem

1247 2564 1624 2650 plerumque
1660 2564 1952 2649 adplicat.

397 2654 529 2722 DA.
573 2656 722 2722 Non
755 2656 965 2723 hercle
995 2658 1315 2744 intellege.
1391 2657 1485 2724 81.
1523 2658 1708 2722 Non?
1752 2657 1917 2723 hem.
1989 2657 2118 2722 DA.
2155 2657 2329 2722 Non:

549 2744 617 2825 C
1248 2751 1476 2817 Dauos
1510 2775 1673 2829 sum,
1707 2774 1837 2817 non
1873 2749 2185 2838 Oedipus.
2296 2741 2343 2830 )

400 2844 495 2911 81.
565 2845 812 2931 Nempe
866 2848 1017 2933 ergo
1071 2857 1287 2933 aperte
1339 2849 1439 2912 uis
1487 2869 1649 2932 quae
1694 2857 1932 2912 restant
1976 2850 2077 2912 me
2121 2847 2332 2931 loqui?
2368 2848 2469 2901 195

1249 2942 1376 3007 DA.
1424 2941 1596 3008 Sane
1633 2942 1906 3027 quidem.

316 3053 374 3094 25
404 3033 496 3100 81.
572 3033 643 3100 81
679 2990 934 3100 86113010
970 3035 1158 3101 hodie
1195 3038 1535 3121 quiequam
1570 3037 1637 3101 in
1673 3037 1770 3100 his
1805 3047 1868 3101 te
1902 3035 2140 3122 nuptiis

572 3128 892 3195 Fallaciae
928 3131 1160 3209 conari,
1197 3153 1324 3215 quo
1359 3132 1516 3196 fiant
1549 3132 1780 3208 minus,

573 3224 710 3289 Aut
743 3225 961 3289 uelle
942 3249 1010 3290 1n
1046 3250 1122 3291 ea
1154 3249 1223 3291 re
1259 3226 1525 3304 ostendi,
1564 3248 1755 3310 quam
1791 3224 1877 3289 sis
1913 3224 2207 3293 callidus:

573 3319 964 3387 Verberibus
993 3342 1246 3385 caesum
1276 3330 1338 3384 te
1369 3322 1438 3385 111
1470 3320 1824 3406 pistrinum,
1860 3317 2069 3397 Daue,
2108 3319 2335 3384 dedam

1247 3436 1452 3498 usque
1487 3413 1570 3477 ad
1602 3435 1842 3490 necem,

573 3507 674 3572 Ea
714 3507 860 3593 lege
907 3518 1097 3593 atque
1142 3508 1370 3585 omine,
1425 3508 1515 3585 fit,
1571 3508 1625 3572 si
1671 3518 1735 3572 te
1778 3507 1927 3571 inde
1973 3507 2334 3584 exemerim,
2369 3508 2472 3562 200

1252 3624 1372 3689 ego
1408 3623 1524 3687 pro
1559 3603 1621 3666 te
1655 3602 1908 3667 molam.

322 3713 379 3755 3⁰
579 3695 773 3777 Quid,
820 3695 941 3761 hoe
975 3696 1364 3763 Intellextin?
1411 3696 1492 3760 an
1527 3717 1655 3761 11011
1691 3696 1842 3761 dum
1880 3696 2068 3761 etiam
2100 3718 2182 3760 ne
2216 3695 2337 3759 hdo

1253 3790 1551 3873 quidem?
1636 3791 1766 3855 DA.
1830 3792 2035 3856 Immo
2081 3788 2333 3854 callide:

574 3883 675 3947 Ita
718 3886 932 3971 aperte
975 3884 1179 3971 ipsam
1223 3908 1356 3949 rem
1402 3885 1591 3949 1116110
1634 3884 1922 3962 loeutu's‚
1968 3884 2057 3949 nfl
2102 3883 2373 3948 eircum-

1250 3978 1447 4044 itione
1483 3980 1634 4044 1'1sus
1672 4002 1758 4044 es.

416 4068 508 4136 81.
576 4072 802 4139 Vbiuis
853 4074 1102 4140 facilius
1156 4075 1383 4162 passus
1439 4075 1580 4139 sim‘
1609 4097 1801 4159 quam
1852 4073 1919 4137 in
1962 4072 2081 4137 11άο
2123 4093 2192 4135 re
2235 4093 2336 4134 me

1240 4170 1538 4235 delfidier.
