2792 4617
202 319 307 390 ΠΙ,
331 323 368 378 5

1063 317 1475 376 EVNVOHVS
2116 304 2237 371 123

810 535 1214 603 Cflannns
1333 535 1723 602 Amnum

773 643 1238 689 mnasonu‘nns
1492 645 1539 685 11

197 725 440 794 111‚⁵Cn.
476 727 651 792 Num
680 726 825 811 quis
860 726 964 793 hie
998 726 1133 792 est?
1163 724 1432 791 nemost.
1487 746 1643 788 num
1667 721 1810 808 quis
1838 721 1985 791 hino
2011 746 2113 790 me
2139 746 2239 791 se-

217 2347 267 2387 10

1150 819 1401 905 quitur?
1444 821 1631 884 nemo
1669 818 1936 884 homost.

469 914 691 979 Iemne
728 935 1055 1001 erumpere
1089 913 1212 1023 hee
1246 915 1394 979 lieet
1428 914 1516 977 mi
1550 911 1894 999 gaudium?
1934 935 2050 999 pro
2083 913 2240 1000 Iup-
2270 921 2376 977 550

468 1102 533 1167 N
533 1124 658 1169 une
690 1104 789 1167 est
821 1100 1128 1189 profecto,
1148 1019 1432 1167 {iiteerfid
1457 1120 1652 1184 quom
1685 1098 1931 1186 perpeti
1954 1121 2059 1166 me
2092 1098 2240 1187 pes-

469 1290 569 1356 Ne
637 1289 760 1355 hoe
828 1289 1136 1376 gaudium
1145 1219 1584 1399 Βιζὲἕιῐάωίηθι
1641 1288 1777 1355 uita
1844 1288 2239 1376 aegritudine

470 1478 604 1544 Sed
636 1476 1036 1543 neminemne
1084 1383 1406 1542 offlam&
1437 1474 1818 1541 interuenire
1857 1476 2029 1542 nuno
2061 1476 2237 1553 mihi,

470 1572 601 1653 Qui
659 1574 762 1636 me
824 1582 1125 1656 sequatur
1176 1572 1435 1656 quequo
1496 1593 1667 1648 eam,
1731 1570 2064 1657 rogitando
2126 1571 2240 1637 ob-

588 1736 593 1743 .
1146 1665 1392 1742 tundat,
1430 1663 1654 1741 enicet,

468 1757 644 1841 Quid
683 1759 955 1846 gestiam
1000 1769 1110 1824 aut
1154 1759 1310 1844 quid
1351 1759 1556 1825 laetus
1600 1757 1738 1835 sim,
1782 1779 1909 1842 quo
1952 1760 2237 1844 pergam,
2271 1771 2376 1826 555

1145 1853 1318 1921 unde
1352 1875 1697 1939 emergam,
1732 1852 1847 1917 fibi
1883 1852 2039 1919 siem

466 1948 786 2015 Vestitum
820 1948 990 2015 hune
1024 1958 1315 2027 nanetus,
1357 1947 1514 2032 quid
1547 1946 1636 2015 mi
1680 1968 2002 2031 quaeram,
2046 1950 2237 2014 sanus

1144 2043 1263 2107 sim
1299 2065 1464 2108 anne
1497 2040 1837 2106 insaniami

470 2134 683 2202 Adibo
738 2145 928 2220 atque
979 2135 1062 2201 ab
1115 2157 1191 2202 eo
1243 2135 1513 2248 grafiam
1565 2136 1750 2214 hano,
1803 2157 1996 2221 quam
2047 2134 2244 2205 uideo

466 2325 776 2406 chaerea,
821 2326 977 2412 quid
1012 2336 1106 2393 est
1141 2230 1328 2409 {323⁹
1359 2232 1728 2412 ἒὲὴὲὲειῑεν
1777 2325 1931 2412 quid
1975 2326 2096 2393 sibi
2130 2328 2235 2394 hio

1141 2423 1410 2486 uestitus
1448 2421 1730 2505 quaerit?

467 2515 643 2598 Quid
695 2528 791 2582 est
832 2514 1004 2601 quod
1054 2515 1258 2582 laetus
1311 2515 1420 2579 es?
1471 2514 1625 2599 quid
1677 2515 1794 2580 tibi
1843 2516 1981 2581 uis?
2032 2515 2232 2582 satine

1141 2608 1390 2674 sanu’s?
1434 2609 1588 2693 quid
1620 2632 1724 2675 me
1761 2609 2127 2696 adspectas⁹

403 2687 408 2691 ’
464 2704 640 2788 Quid
658 2704 870 2770 taces?
920 2701 1043 2770 cn.
1068 2708 1103 2787 τ
1130 2701 1193 2768 o
1222 2703 1423 2769 festas
1450 2704 1582 2768 dies
1612 2703 1972 2792 [hominis]1
2009 2708 2231 2785 amice,
2263 2716 2369 2773 560

1141 2797 1344 2864 salue!
1383 2798 1693 2864 hominum
1727 2801 1994 2864 emnium

460 2892 526 2958 N
526 2895 748 2972 emest,
767 2913 957 2977 quem
984 2915 1104 2980 ego
1130 2891 1430 3050 nurgoiam
1458 2893 1661 2980 magis
1688 2896 1986 2980 euperem
2011 2894 2229 2964 uidere

1138 3008 1226 3072 qu
1267 3010 1331 3051 m
1367 2998 1449 3053 te.

290 3083 419 3148 An.
462 3083 670 3147 Narra
711 3083 877 3147 istuc
919 3102 1157 3166 quaeso
1201 3080 1356 3166 quid
1402 3081 1501 3146 sit.
1591 3080 1711 3149 Cn.
1749 3082 1955 3151 Immo
2000 3107 2121 3172 ego
2166 3097 2228 3153 te

214 3287 267 3330 1⁶

1137 3176 1399 3242 ebsecro
1435 3175 1647 3241 hercle
1680 3186 1753 3241 ut
1788 3178 2028 3245 audias.

459 3268 691 3336 Nostin
717 3269 902 3349 hane,
923 3292 1116 3356 quam
1145 3283 1315 3336 amat
1342 3270 1572 3336 frater?
1606 3272 1733 3337 Au.
1752 3271 1952 3339 Noui:
1978 3276 2227 3362 nempe,

1141 3365 1383 3450 opinor,
1420 3364 1752 3431 Thaidem.

290 3455 413 3523 Cn.
458 3458 658 3523 Istam
683 3459 907 3546 ipsam.
957 3460 1079 3526 An.
1110 3457 1223 3525 Sic
1250 3460 1823 3525 commemineram.
1869 3458 1990 3526 Cn.
2012 3461 2230 3545 Quae-

1138 3552 1286 3617 dam
1320 3551 1511 3619 hedie
1548 3564 1645 3619 est
1679 3554 1739 3620 ei
1773 3555 1936 3620 done
1970 3558 2119 3623 data

462 3647 694 3734 Virgez
729 3649 884 3732 quid
919 3670 1040 3735 ego
1077 3647 1213 3713 eius
1248 3648 1364 3712 tibi
1398 3671 1569 3714 nuno
1603 3649 1831 3715 faeiem
1866 3653 2226 3738 praedicem
2260 3661 2365 3717 565

1136 3752 1248 3809 aut
1281 3742 1556 3821 laudem,
1593 3725 1900 3831 Antipho,

463 3834 677 3917 Quom
727 3836 898 3923 ipsus
950 3859 1054 3903 me
1105 3837 1275 3903 noris
1327 3859 1521 3922 quam
1573 3839 1828 3925 elegans
1880 3840 2227 3907 formarum

1133 3933 1447 4018 spectater
1483 3933 1677 3997 siem?

460 4023 541 4090 In
575 4024 695 4093 heo
730 4037 1079 4093 commotus
1116 4051 1276 4094 sum.
1331 4028 1457 4093 An.
1479 4029 1610 4092 Ain
1646 4029 1753 4093 tu?
1806 4027 1925 4095 Cn.
1941 4030 2225 4098 Primam

1137 4122 1327 4201 dices,
1365 4122 1519 4202 seio,
1556 4123 1610 4189 si
1644 4123 1895 4192 uideris.
