2792 4617
515 212 635 280 158
1303 227 1653 284 PHORMIO
2440 227 2489 297 1,
2508 229 2546 282 4

679 351 878 418 Recte
913 354 1037 437 ego
1068 351 1221 416 mihi
1255 352 1556 417 uidissem
1593 362 1654 415 et
1686 349 1853 415 senis
1890 371 2091 415 essem
2113 351 2296 414 ¹ultus
2321 350 2446 415 ira-

1355 446 1679 512 cundiam:

375 547 483 602 190.
632 544 639 553 ’
681 521 946 624 Aliquid
975 543 1417 606 conuasdssem
1441 551 1631 624 atque
1649 539 1796 604 hinc
1814 561 1915 604 me
1935 538 2278 604 conicerem
2298 561 2446 624 pro-

1357 635 1556 700 tinam
1588 637 1656 699 in
1691 634 1904 719 pedes.

302 722 387 853 s
395 761 447 813 ff*
470 714 633 794 wAn.
679 729 893 810 Quam
925 750 1073 840 fam
1103 730 1206 795 hic
1239 729 1463 816 fugam
1498 741 1609 795 aut
1641 729 1882 794 furtum
1915 729 2135 813 parat?

511 822 633 891 Gn.
681 822 815 891 Sed
849 825 962 890 ubl
986 805 1427 910 Antiphonem
1458 824 1804 909 reperiam?
1840 834 1949 888 aut
1986 845 2115 908 qua
2141 824 2444 907 quaerere
2470 838 2526 880 15

1351 919 1640 984 insistam
1674 919 1816 983 uia?

506 1012 626 1077 ΡΗ.
672 1012 768 1078 Te
792 1014 1089 1078 nominat.
1132 1015 1258 1080 An.
1285 1013 1520 1079 Nescio
1546 1012 1719 1098 quod
1743 1036 2048 1098 magnum
2076 1012 2197 1077 hoc
2222 1009 2444 1075 nuntio

1356 1110 1623 1194 expecto
1656 1109 1913 1172 malum.
2000 1108 2119 1171 PH.
2176 1106 2304 1171 Ah.

680 1200 1001 1288 [Sanusne
1030 1200 1163 1288 es?]
1221 1199 1347 1271 Gn.
1385 1202 1668 1267 Domum
1697 1205 1789 1266 ire
1816 1224 2105 1287 pergam:
2133 1201 2223 1265 ibi
2247 1199 2443 1286 pluri-

646 1294 661 1353 s
959 1297 964 1301 ’
1352 1308 1609 1362 mumst.
1662 1297 1781 1361 ΡΗ.
1815 1295 2214 1361 Reuocemus
2241 1293 2443 1358 homi-

1351 1410 1521 1456 nem.
1575 1390 1699 1456 An.
1731 1388 1848 1456 Sta
1871 1390 2037 1454 ilico.
2096 1388 2215 1454 Gn.
2245 1389 2439 1464 Hem,

368 1485 491 1543 196.
554 1482 559 1489 ’
675 1482 847 1550 Satis
864 1505 979 1568 pro
995 1483 1279 1570 imperio,
1297 1480 1585 1569 quisquis
1605 1480 1698 1550 es.
1729 1480 1852 1548 An.
1869 1482 2054 1548 Geta.
2095 1482 2214 1548 Gn.
2233 1463 2443 1567 ipsest

1294 1652 1303 1663 ὴ
1353 1598 1546 1663 quem
1581 1578 1759 1643 uolui
1790 1578 2064 1643 obuiam.

504 1672 628 1737 An.
675 1669 884 1749 Cedo,
929 1672 1083 1756 quid
1125 1683 1365 1758 portas,
1420 1673 1717 1753 obsecro?
1770 1685 1960 1756 atque
2002 1671 2089 1749 id,
2142 1672 2197 1735 si
2237 1679 2440 1757 poteS‚

691 1766 695 1773 ’
1351 1766 1551 1832 uerbo
1586 1766 1835 1850 expedi.

518 1864 642 1931 Gn.
681 1862 959 1928 Faciam.
1005 1863 1128 1927 An.
1156 1860 1494 1944 Eloquere.
1542 1859 1663 1925 Gn.
1692 1859 1893 1924 Modo
1912 1857 2084 1943 apud
2107 1866 2358 1940 portum
2377 1904 2394 1921 .
2416 1903 2434 1922 .
2468 1878 2525 1917 20

1347 1954 1473 2018 An.
1518 1953 1862 2017 Meumne?
1934 1950 2053 2016 Gn.
2100 1949 2437 2015 Intellexti.

1343 2047 1468 2110 An.
1529 2024 1779 2110 Occidi.
1849 2044 1970 2108 PH.
2025 2046 2215 2108 Hem.

500 2140 624 2203 An.
671 2136 849 2220 Quid
883 2140 1107 2224 agam?
1175 2139 1296 2205 PH.
1355 2139 1533 2221 Quid
1568 2142 1698 2204 ai's?
1770 2137 1892 2204 Gn.
1946 2139 2159 2202 Huius
2194 2148 2438 2223 patrem

1344 2234 1580 2298 uidisse
1607 2254 1729 2310 me,
1769 2231 1889 2319 [et]
1921 2234 2212 2318 patruom·
2236 2244 2433 2296 tuom.

362 2329 467 2384 200
500 2327 624 2391 An.
669 2325 837 2391 Nam
874 2326 1048 2409 quod
1084 2349 1205 2413 ego
1241 2326 1392 2393 huic
1428 2350 1597 2392 nunc
1634 2326 1843 2392 subito
1873 2326 2065 2393 exitio
2090 2326 2438 2391 remedium

1347 2421 1664 2487 inueniam
1702 2420 1930 2485 miser?

671 2513 859 2594 Quod
894 2513 948 2578 si
984 2536 1059 2579 eo
1094 2536 1274 2580 meae
1302 2516 1593 2580 fortunae
1627 2515 1913 2591 redeunt,
1947 2513 2285 2592 Phanium,
2322 2514 2436 2578 abs

1015 2680 1020 2683 ,
1346 2619 1410 2675 te
1444 2621 1516 2673 ut
1550 2608 1881 2685 distrahar,

665 2701 917 2767 Nullast
967 2701 1124 2766 mihi
1174 2702 1308 2767 uita
1359 2703 1732 2788 expetenda.
1824 2701 1943 2768 Gn.
2007 2701 2184 2789 Ergo
2234 2703 2431 2767 istaec

1349 2819 1544 2879 quom
1578 2797 1667 2861 ita
1702 2796 1846 2874 sint,
1882 2772 2190 2882 Antipho,

665 2889 874 2956 Tanto
915 2889 1121 2976 magis
1163 2900 1228 2956 te
1272 2891 1622 2977 aduigilare
1666 2901 2026 2974 aequomst:
2079 2888 2255 2954 fortis
2305 2889 2438 2954 for-
2461 2908 2517 2949 25

1342 2996 1499 3050 tuna
1532 2985 1810 3051 adiuuat.

496 3079 619 3143 An.
662 3078 807 3142 Non
859 3101 1002 3142 sum
1054 3078 1229 3164 apud
1278 3101 1401 3144 me.
1492 3078 1615 3146 Gn.
1670 3078 1876 3163 Atqui
1917 3079 2077 3165 opus
2127 3087 2224 3143 est
2265 3100 2435 3143 nunc

1344 3195 1538 3256 quom
1564 3176 1862 3239 maxume
1888 3185 1960 3238 ut
1986 3172 2090 3250 sis,
2117 3153 2431 3258 Antiph03

358 3277 462 3332 205
667 3265 835 3330 Nam
865 3266 919 3330 si
946 3268 1209 3332 senserit
1234 3277 1297 3333 te
1323 3267 1616 3332 timidum
1644 3271 1823 3352 pater
1851 3290 2009 3345 esse,
2030 3267 2435 3332 arbitrabitur

665 3357 1135 3425 Commeruisse
1161 3361 1432 3446 culpam.
1476 3362 1596 3427 ΡΗ.
1625 3362 1773 3428 Hoc
1799 3372 2100 3427 uerumst.
2137 3362 2261 3427 An.
2288 3360 2435 3425 Non

1340 3477 1600 3539 possum
1634 3455 2023 3520 inmutarier.

494 3544 614 3612 Gn.
660 3545 838 3626 Quid
870 3547 1132 3623 faceres,
1179 3547 1237 3611 si
1278 3547 1451 3612 aliud
1493 3547 1648 3631 quid
1690 3548 1948 3635 grauius
1983 3546 2099 3612 tibi
2129 3569 2303 3612 nunc
2336 3546 2434 3612 fa-

1340 3641 1643 3706 ciundum
1680 3642 1881 3706 foret?

489 3734 612 3798 AN.
661 3733 879 3814 Quom
912 3733 1031 3799 hoc
1063 3757 1192 3800 non
1229 3757 1510 3820 possum,
1547 3736 1703 3800 illud
1737 3736 1945 3800 minus
1980 3757 2252 3820 possem.
2309 3734 2430 3800 Gn.
2458 3753 2513 3793 ao

1339 3831 1487 3894 Hoc
1522 3830 1610 3893 nil
1646 3840 1763 3907 est,
1798 3828 2144 3895 Phaedria:
2180 3829 2370 3894 ilicet.

656 3921 832 4006 Quid
849 3922 954 3989 hic
972 3923 1355 3989 conterimus
1366 3925 1621 4009 operam
1637 3924 1910 3988 frustra?
1928 3927 2080 4008 quin
2097 3925 2294 3988 abeo?
2309 3924 2428 3989 ΡΗ.

1333 4019 1421 4082 Et
1458 4017 1713 4102 quidem
1744 4020 1902 4104 ego?
1953 4019 2078 4083 AN.
2118 3997 2429 4094 Obsecro,
