2792 4617
221 313 330 381 111,
353 314 388 367 3

246 451 300 493 25

241 3182 297 3223 40

243 4028 296 4074 45

1131 307 1444 362 HEOYRA
2060 362 2067 370 ³
2131 290 2257 354 213

497 433 630 499 Sed
671 453 864 518 quom
907 441 1083 496 orata
1126 429 1312 495 huius
1356 428 1749 504 reminiscor,
1800 429 2048 511 nequeo
2096 427 2254 511 quin
2291 441 2395 495 385

1170 525 1516 589 lacrumem
1552 523 1761 588 miser.

498 620 838 706 ‘Quaeque
883 620 1013 686 fors
1058 619 1399 684 fortunast'
1452 619 1678 703 inquit,
1732 616 1944 682 ‘nobis
1986 636 2151 701 quae
2193 625 2258 682 te

1171 713 1360 778 hodie
1396 712 1647 790 obtulit,

493 812 621 875 Per
648 832 787 876 eam
815 820 879 874 te
904 809 1307 874 obsecramus
1337 807 1585 883 ambae,
1616 808 1670 871 si
1694 804 1815 883 ius,
1841 803 1896 868 si
1915 804 2011 868 fas
2028 809 2144 878 est,
2168 806 2252 866 uti

494 887 795 970 Aduorsa
829 904 965 970 eius
998 904 1113 988 per
1157 913 1219 966 te
1265 912 1432 966 tecta
1476 902 1791 984 tacitaque
1838 898 2011 984 apud
2056 906 2256 962 munis

1169 995 1350 1060 sient.

495 1091 570 1159 Si
620 1094 924 1176 umquam
979 1113 1132 1175 erga
1184 1100 1246 1154 te
1300 1089 1511 1154 animo
1565 1090 1704 1154 esse
1756 1087 1959 1152 amico
2011 1086 2256 1150 sensisti

486 1209 490 1215 ·
1169 1205 1330 1260 eam,
1367 1183 1458 1247 mi
1490 1183 1847 1268 Pamphile,

497 1278 650 1346 Sine
695 1279 910 1344 labore
955 1278 1118 1343 hanc
1164 1276 1434 1364 gratiam
1478 1287 1541 1342 te
1585 1289 1657 1342 ut
1692 1276 1811 1341 sibi
1846 1276 1957 1341 des
2004 1298 2114 1362 pru
2152 1274 2260 1338 illa
2292 1286 2396 1338 ΒΗ)

1169 1373 1338 1437 nunc
1382 1382 1585 1456 rogat.

497 1465 798 1532 ceterum
842 1467 922 1530 de
967 1466 1372 1530 redducenda
1414 1465 1482 1529 id
1525 1465 1721 1530 facias
1731 1512 1749 1542 ‚
1802 1464 1975 1549 quod
2015 1466 2080 1526 in
2128 1486 2256 1526 rem

1173 1563 1255 1625 sit
1288 1570 1483 1626 tuam.

493 1655 818 1720 Parturire
854 1658 992 1720 eam
1028 1676 1147 1720 nec
1181 1654 1514 1745 grauidam
1552 1676 1689 1721 esse
1717 1654 1798 1717 ex
1821 1663 1886 1717 te
1913 1653 2080 1718 solus
2112 1658 2260 1714 min-

1172 1748 1388 1813 sciu’s:

494 1842 694 1930 [Nam
729 1842 905 1908 aiunt
940 1853 1149 1908 tecum
1184 1855 1327 1927 post
1364 1841 1612 1929 duobus
1642 1840 2056 1907 concubuisse
2084 1866 2260 1902 men-

1173 1936 1362 2000 sibus.

494 2032 684 2110 Tum,
717 2042 1053 2116 postquam
1081 2030 1164 2094 ad
1189 2040 1252 2095 te
1277 2030 1474 2106 uenit,
1510 2031 1743 2093 mensis
1771 2030 1982 2114 agitur
2005 2029 2104 2094 hic
2132 2030 2256 2090 iam

1168 2121 1560 2208 septumust]

495 2219 688 2302 Quod
723 2230 784 2284 te
820 2219 980 2284 scire
1015 2218 1153 2303 ipsa
1185 2217 1425 2282 indicat
1459 2240 1581 2282 res.
1651 2218 1820 2282 minc
1856 2217 1909 2281 si
1942 2218 2104 2303 potis
2144 2234 2256 2294 est,
2296 2230 2396 2278 395

1168 2312 1526 2397 Pamphile,

491 2409 800 2472 Maxume
852 2408 1000 2471 uolo
1054 2406 1262 2490 doque
1317 2428 1601 2492 operam,
1663 2415 1733 2469 ut
1793 2405 1957 2470 clam
2011 2406 2260 2470 eueniat..

1170 2501 1388 2584 partus
1424 2511 1667 2584 patrem

493 2576 712 2679 Atque
748 2595 908 2659 adeo
945 2593 1168 2658 omnis.
1223 2592 1338 2658 sed
1373 2593 1426 2656 si
1462 2593 1529 2657 id
1562 2593 1698 2657 fieri
1724 2593 1847 2656 non
1872 2604 2076 2677 potest
2104 2594 2256 2674 quin

1173 2687 1466 2764 sentiant,

495 2783 724 2849 Dicam
753 2782 1043 2846 abortum
1071 2783 1237 2846 esse:
1269 2781 1400 2845 scio
1430 2781 1664 2846 nemini
1690 2780 1869 2845 aliter
1897 2785 2252 2866 suspectum

1169 2875 1327 2952 fore,

495 2971 688 3054 Quin,
734 2971 906 3055 quod
941 2969 1077 3034 ueri
1112 2970 1398 3047 similest,
1444 2992 1523 3034 ex
1557 2979 1621 3035 te
1653 2970 1825 3035 recte
1859 2992 2005 3035 eum
2040 2974 2252 3034 nutum

1172 3076 1415 3150 putent.

497 3160 816 3226 Continuo
852 3161 1228 3245 exponetur:
1266 3159 1368 3224 hic
1406 3159 1520 3223 tibi
1554 3160 1644 3224 nil
1669 3169 1764 3224 est
1788 3160 2122 3244 quicquam
2164 3162 2256 3222 in·
2296 3174 2396 3222 emt}

1172 3254 1507 3329 commodi,

492 3333 580 3414 Et
603 3349 693 3414 illi
720 3349 987 3414 miserae
1014 3347 1273 3433 indigne
1299 3348 1536 3413 factam
1557 3349 1849 3412 iniuriam
1867 3354 2124 3414 context·
2136 3350 2252 3414 1³1ss

496 3444 819 3508 Pollicitus
874 3465 1015 3508 sum
1067 3453 1131 3507 et
1183 3445 1436 3507 seruare
1489 3443 1554 3506 in
1606 3464 1681 3508 eo
1735 3444 2032 3507 certumst
2088 3446 2256 3526 quud

1170 3536 1301 3600 dixi
1335 3536 1546 3601 fidem.

493 3632 659 3695 Nam
703 3631 783 3695 de
827 3631 1252 3707 redducenda,
1296 3630 1363 3695 id
1407 3652 1561 3695 uero
1596 3653 1675 3695 ne
1709 3630 1997 3714 utiquam
2032 3634 2252 3694 honus-

1170 3737 1306 3789 tum
1344 3747 1482 3790 esse
1517 3725 1802 3803 arbitror,

490 3820 629 3885 Nec
655 3818 905 3896 faciam,
943 3818 1061 3884 etsi
1088 3819 1265 3884 amor
1299 3841 1401 3883 me
1436 3818 1716 3905 grauiter
1741 3820 2252 3902 consuetudoque

1170 3915 1307 3978 eius
1342 3924 1532 3978 tenet.

495 4009 843 4087 LacrumO,
905 4030 1069 4096 quae
1119 4006 1383 4094 posthac
1432 4009 1708 4073 futurast
1758 4009 1891 4074 uita
1944 4030 2132 4094 quom
2192 4010 2248 4074 Ξιι
2288 4018 2388 4066 zum

1167 4104 1445 4169 mentem
1480 4102 1656 4170 uenit
