2792 4617
369 263 477 312 x11
1280 276 1621 321 nummo

365 384 665 436 retractata
717 380 1054 452 Parisinum,
1110 384 1429 440 Ambrosia·
1467 392 1522 440 et
1544 386 1662 440 eius
1684 386 1964 458 proprium
1981 386 2256 457 quoddam
2278 384 2540 456 pretium,

365 466 522 519 num,
560 449 914 519 Vaticanum,
957 451 1160 507 similes
1241 453 1430 507 icturis
1466 460 1523 509 et
1584 456 1731 525 quod
1789 457 2108 526 plerumque
2168 471 2294 509 cum
2346 469 2542 508 recen-

366 523 605 583 ornatos,
645 535 721 573 nu
761 535 821 573 er
860 519 1082 588 quidem
1124 521 1196 588 (R
1237 562 1248 574 .
1286 522 1427 575 Mus.
1466 522 1618 579 sione
1656 546 1690 596 y
1732 524 2008 595 congruit,
2052 522 2370 593 explicatur.
2444 520 2545 574 via

365 585 677 642 XXXVIII
749 587 1004 657 17—347)
1045 590 1288 660 pleniore
1322 591 1429 643 dis·
1466 597 1678 661 autem,
1746 608 1855 662 qua
1924 609 2045 646 eam
2100 589 2543 645 transformatio-

405 655 676 723 utatione,
760 672 865 728 uae
911 662 1134 711 externo
1183 659 1429 713 codicum
1466 677 1590 714 nem
1625 677 1971 733 progressam
1997 677 2117 715 esse
2150 665 2421 730 putemus,
2453 656 2543 710 fa·-

403 723 558 777 abitu
580 729 638 777 et
656 725 714 778 di
754 724 1078 780 ascaliarum
1094 728 1309 781 ratione
1333 744 1429 798 po-
1468 728 1572 783 cile
1595 735 1767 799 patet,
1800 729 1847 784 si
1873 729 2295 795 consideramus,
2330 730 2545 797 quanto

363 790 632 845 tissimum
656 792 850 847 nititur
872 792 1078 849 Donati
1113 795 1430 850 commentis
1466 813 1631 867 opere
1654 797 1776 868 ipse
1799 798 2098 852 Bembinus
2120 813 2156 851 a
2177 794 2386 851 recenti
2420 810 2543 849 cor-

363 859 525 913 simul
569 859 628 913 in
684 862 945 915 auxilium
989 863 1198 917 vocatis
1211 904 1225 931 ,
1282 863 1431 917 idem
1466 871 1676 920 rectore
1700 872 1862 934 (saec.
1889 866 2037 936 XV),
2074 865 2168 936 qui
2194 863 2545 934 Calliopiano

364 928 721 998 comprobare
779 931 1001 984 studuit.
1074 936 1240 1002 atque
1291 933 1430 986 duas
1467 934 1654 1002 aliquo
1676 934 1867 989 codice
1885 952 2014 988 usus
2034 940 2135 1001 est,
2157 934 2420 1001 radendo,
2447 947 2543 986 ex-

358 995 501 1064 illas,
535 1014 676 1067 quae
710 996 966 1069 calliopii
997 1015 1195 1055 nomen
1228 1000 1429 1069 ferunt,
1466 1020 1576 1072 pun
1621 1003 1762 1057 endo
1776 1043 1792 1072 ,
1840 1001 2323 1073 superscribendo,
2370 1000 2544 1054 corri-

359 1062 601 1119 familias
626 1066 843 1121 diversa
868 1067 1078 1122 ratione
1102 1068 1320 1123 fabulas
1344 1086 1427 1122 or·
1506 1087 1576 1125 en
1616 1086 1649 1124 o
1693 1075 1933 1125 mutatus
1988 1070 2060 1124 sit
2106 1072 2176 1135 (v.
2225 1068 2416 1140 Umpf.
2477 1086 2540 1139 p.

361 1132 588 1186 dinandi
619 1164 687 1175 -—
717 1135 859 1189 alter
890 1136 1024 1190 ordo
1055 1136 1133 1203 (in
1161 1137 1214 1205 δ)
1237 1137 1429 1208 alpha·
1576 1144 1694 1209 sq.).
1761 1139 1909 1192 idem
1941 1139 1987 1192 si
2022 1137 2350 1209 compluries
2382 1137 2543 1191 dein-

359 1199 573 1255 beticus
617 1207 725 1269 est,
769 1203 910 1258 alter
950 1203 1029 1270 (in
1067 1209 1121 1278 y)
1164 1221 1230 1259 ex
1270 1211 1430 1275 parte
1467 1223 1598 1277 ceps
1621 1208 1910 1275 evenisset,
1933 1207 2105 1261 multo
2123 1207 2291 1262 etiam
2313 1204 2543 1276 saepius

358 1270 776 1341 chronologicus
821 1304 889 1313 —
936 1276 1103 1342 atque
1152 1290 1244 1342 eo,
1282 1273 1429 1344 quod
1467 1291 1630 1344 quam
1669 1292 1816 1330 nunc
1856 1275 2091 1346 pristina
2130 1275 2402 1345 scriptura
2443 1274 2544 1327 de-

361 1338 540 1392 altera
586 1345 797 1393 tantum
843 1344 943 1461 (γέ-1
960 1340 1189 1411 picturis
1236 1347 1431 1395 ornata
1465 1345 1577 1397 leta
1602 1342 1979 1414 Calliopianae
2002 1342 2309 1398 recensioni
2342 1341 2545 1396 similis

359 1411 531 1472 esset,
585 1407 731 1461 inter
777 1424 837 1462 se
926 1408 1091 1463 ‘stare
1137 1415 1287 1464 recte
1335 1411 1428 1464 de·
1465 1411 1627 1466 lectio
1668 1411 1961 1480 extitisset;
2007 1428 2136 1466 nam
2174 1427 2372 1465 nomen
2417 1410 2544 1464 eius

357 1479 689 1530 monstrasse
753 1476 889 1529 mihi
942 1477 1183 1546 videtur,
1245 1477 1304 1532 in
1362 1493 1429 1532 eo
1466 1481 1704 1534 nondum
1742 1480 1802 1534 in
1850 1480 2029 1550 ipsam
2075 1479 2544 1548 subscriptionem

358 1547 562 1608 autem,
623 1545 733 1597 uod
759 1549 926 1615 caput
949 1550 1049 1614 est,
1073 1562 1181 1599 non
1198 1562 1429 1627 possum
1464 1548 1751 1619 irrepsisse
1773 1547 1997 1602 fortuito
2030 1547 2209 1620 magis
2231 1563 2399 1617 quam
2422 1564 2543 1627 pu-

357 1626 483 1664 cum
509 1626 573 1664 eo
631 1628 808 1666 acere.
882 1612 1095 1667 duobus
1127 1630 1269 1667 emm
1302 1631 1427 1669 cen·
1465 1618 1596 1670 dore
1645 1616 1860 1671 librarii
1914 1616 2123 1671 factum
2170 1631 2292 1669 esse
2350 1614 2543 1669 existi-

358 1677 572 1733 soi-ibus
594 1679 675 1734 ita
696 1680 855 1735 nobis
874 1697 1011 1751 opus
1031 1686 1131 1748 est,
1159 1680 1429 1754 Oalliopio
1467 1701 1691 1738 mamus.
1747 1691 1915 1754 atque
1956 1685 2175 1739 codices
2214 1682 2462 1738 familiae
2507 1681 2546 1735 ὃ

357 1753 415 1800 et
456 1747 567 1801 alio
606 1747 723 1801 viro
772 1750 1128 1818 grammatico
1175 1756 1430 1820 posterae
1464 1753 1629 1823 ipsos,
1656 1769 1763 1822 quo
1778 1753 2104 1808 vetustiores
2123 1753 2249 1819 sint,
2269 1768 2334 1806 eo
2355 1751 2545 1821 magis

356 1815 575 1883 aetatis,
617 1817 770 1870 cuius
803 1833 1001 1871 nomen
1033 1824 1130 1871 aut
1159 1834 1431 1887 nusquam
1466 1837 1502 1874 a
1546 1826 1850 1874 ceterorum
1897 1819 2361 1890 Calliopianorum
2408 1836 2544 1873 con-

354 1884 652 1938 memoriae
669 1885 933 1939 traditum
951 1902 1072 1940 esse
1091 1892 1187 1940 aut
1247 1904 1431 1941 rorsus
1466 1905 1628 1942 sensu
1649 1889 1909 1942 recedere
1926 1889 2192 1956 videmus,
2217 1893 2275 1942 et
2291 1888 2545 1942 secunda

356 1968 388 2005 e
407 1951 691 2007 codicibus
709 1955 994 2008 evanuisse
1013 1906 1319 2024 putamfum
1338 1956 1425 2009 sit.
1465 1956 1784 2026 plerumque
1817 1972 2009 2010 manus
2040 1955 2100 2009 in
2132 1956 2213 2010 eis
2237 1954 2543 2024 Calliopia-

355 2020 506 2102 quod
547 2037 675 2075 vero
823 2022 941 2076 vius
985 2029 1085 2091 est,
1132 2023 1430 2094 permirum
1464 2040 1656 2078 norum
1678 2024 1942 2079 lectiones
1966 2024 2246 2078 addidisse
2270 2024 2541 2092 refertur,

355 2094 445 2156 sit,
489 2089 536 2142 si
576 2089 670 2144 ille
703 2107 738 2144 a
758 2095 844 2144 ter
884 2091 1290 2162 grammaticus,
1333 2091 1429 2172 qui
1466 2093 1703 2173 denique
1724 2094 1795 2146 ab
1813 2093 1997 2147 indole
2014 2092 2363 2147 librariorum
2384 2092 2543 2145 illius

355 2173 422 2210 ex
441 2162 657 2211 vetusto
681 2159 870 2213 codice
894 2160 1096 2213 tradito
1122 2160 1428 2213 comoedia·
1464 2165 1661 2214 aetatis
1686 2160 1980 2215 abhorrere
2012 2165 2147 2230 puto
2180 2160 2401 2214 codices
2424 2160 2544 2213 iam

352 2243 477 2306 rum
519 2225 697 2307 ordini
737 2227 905 2281 alium
939 2227 1224 2281 substituit
1256 2233 1313 2282 et
1343 2228 1426 2280 in-
1462 2245 1716 2310 recensos
1763 2234 1819 2283 et
1868 2229 1941 2282 ad
1996 2228 2248 2310 exempla
2301 2227 2542 2310 alicuius

354 2296 1427 2429 fffflffnt'fffflssmffixffiatffifflssss
1462 2297 2098 2434 ἓξῙὲἓῗέῃῗῖῗῗὲἜῗὲἱὶἓ
2118 2302 2542 2419 ettam&

351 2430 754 2499 emendaverit,
814 2432 913 2486 sed
954 2432 1136 2502 potius
1188 2449 1287 2501 pro
1339 2450 1424 2485 ar—
1462 2434 1759 2503 dorumque
1779 2451 1816 2503 p
1840 2449 1942 2487 eno
1958 2432 2325 2490 codicevariis
2342 2433 2540 2488 lectio-

350 2498 564 2553 bitratu
625 2500 919 2555 mutaverit
977 2505 1034 2553 et
1100 2500 1424 2570 corruperit.
1461 2501 1624 2556 nibus
1649 2517 1891 2556 onerare.

347 2567 562 2620 Donati
594 2574 776 2620 autem
818 2568 1155 2637 commentis,
1197 2585 1426 2637 quorum
1528 2568 1686 2624 Haec
1737 2570 1914 2640 igitur
1964 2584 2131 2638 quam
2185 2566 2543 2638 exposuimus

348 2634 496 2689 ratio
521 2650 588 2687 ac
619 2636 869 2688 condicio
900 2635 1143 2690 nondum
1176 2636 1310 2689 satis
1337 2652 1425 2689 ex·
1461 2637 1601 2690 ratio
1641 2637 1906 2691 librorum
1945 2636 2217 2690 manuscri
2260 2642 2443 2690 torum
2479 2637 2542 2692 in

390 2703 570 2755 lorata
615 2703 704 2756 vel
747 2703 1022 2757 illustrata
1069 2709 1168 2770 est,
1214 2704 1274 2756 in
1319 2703 1427 2757 hac
1461 2705 1808 2759 recensendis
1872 2704 2077 2758 fabulis
2139 2721 2210 2759 no
2250 2703 2299 2757 is
2360 2706 2542 2774 respi-

371 2769 568 2824 ubrica
609 2770 927 2840 quaestione
967 2770 1051 2824 uti
1092 2771 1423 2825 dubitamus.
1462 2771 1657 2826 cienda
1688 2771 2139 2840 observantiaque
2173 2773 2292 2826 erit.
2374 2773 2542 2827 nimi·

349 2838 1287 2961 ”dissssfl‘ffffifflffiffiffiss'ssffiliuss
1306 2855 1425 2960 ⁸⁸23
1459 2846 1810 2963 ffioffl
1846 2857 1988 2978 (3²32.
2021 2840 2247 2977 effi.
2280 2840 2545 2963 332³?ss
2578 2895 2582 2899 ·

389 2947 514 3028 uod'
533 2974 643 3028 iam
675 2981 841 3029 antea
873 2975 1019 3039 (Jen.
1046 2974 1156 3028 Lit.
1186 2946 1427 3044 Zeitimg
1461 2948 1804 3047 discrepant:
1874 2975 2172 3047 diligenter
2238 2977 2544 3047 pensitatis

350 2993 491 3099 3879
530 3059 586 3112 p.
614 3043 734 3110 122)
767 3041 1205 3114 significaveram
1219 3084 1233 3112 ,
1266 3043 1426 3096 nobis
1460 3061 1626 3098 unam
1649 3045 1947 3099 alteramve
1973 3044 2197 3114 eligere,
2222 3045 2320 3098 sed
2340 3061 2544 3115 saepe-

393 3111 747 3165 ersuademus
770 3117 992 3182 praeter
1013 3110 1345 3165 Bembinum
1369 3116 1428 3164 et
1460 3129 1683 3167 numero
1721 3112 1809 3167 vel
1856 3112 2248 3166 sententiarum
2293 3129 2546 3169 conexus

348 3132 530 3235 gallio
572 3178 614 3232 ii
630 3179 1005 3234 recensionem
1019 3180 1243 3234 tertium
1255 3194 1423 3249 quen·
1460 3181 1548 3234 vel
1614 3197 1746 3235 usus
1814 3180 2076 3249 loquendi
2144 3181 2544 3252 Terentianus,

352 3250 484 3303 dam
541 3252 741 3316 ontem,
783 3264 819 3301 a
850 3246 1136 3315 Bembino,
1172 3248 1322 3318 quod
1352 3248 1422 3301 ad
1461 3247 1853 3320 grammaticae
1882 3247 1973 3301 vel
2000 3247 2236 3317 denique
2267 3251 2547 3305 metricae

347 3322 562 3371 textum
602 3317 826 3383 attinet,
869 3315 1035 3385 paulo
1074 3317 1300 3387 propius
1344 3315 1422 3368 di·
1460 3317 1870 3387 rhythmicaeve
1903 3313 2143 3369 rationes
2176 3332 2275 3370 nos
2307 3325 2545 3389 cogunt,

350 3390 607 3453 stantem,
639 3383 799 3438 nobis
833 3385 1241 3455 agnoscendum
1276 3399 1424 3438 esse:
1459 3390 1523 3437 ut
1544 3402 1579 3438 a
1599 3383 1806 3438 tradita
1828 3382 2100 3452 scriptura
2129 3384 2461 3439 recedamus
2487 3393 2548 3441 et

347 3450 1080 3507 undeVictorianifamiliam
1090 3452 1423 3518 itafluxisse,
1461 3457 1654 3523 aperta
1693 3451 1893 3504 menda
1934 3449 2292 3505 coniectando
2335 3469 2540 3509 sanare

347 3528 412 3576 ut
436 3519 693 3591 Calliopii
724 3520 971 3574 recensio
1001 3521 1167 3592 vulgo
1196 3525 1427 3590 recepta
1462 3520 1791 3574 studeamus.
1821 3516 2003 3586 quain
2021 3535 2081 3572 re
2100 3535 2225 3572 cum
2242 3520 2408 3574 multi
2426 3522 2547 3577 iam

349 3589 626 3662 gradatim
650 3588 828 3660 magis
860 3588 918 3642 in
954 3604 1076 3643 eam
1108 3593 1427 3660 penetraret
1460 3587 1564 3641 viri
1605 3585 1753 3640 docti
1792 3585 2123 3655 sudaverint,
2164 3604 2302 3657 quos
2343 3604 2545 3646 omnes

346 3657 692 3728 maximeque
715 3662 870 3710 textu
896 3673 1027 3711 exae
1068 3664 1198 3712 uato
1222 3657 1311 3711 vel
1328 3671 1424 3710 no·
1460 3656 1546 3710 vel
1591 3654 1879 3724 plerosque
1904 3669 2248 3732 ‘enumerare
2302 3656 2546 3738 longum

347 3743 474 3780 men
506 3743 663 3780 suum
706 3725 864 3779 alteri
904 3674 1150 3780 famiIiae
1182 3726 1422 3780 inderet.
1461 3729 1626 3791 atque
1680 3737 1716 3774 a
1771 3721 1996 3774 consilio
2051 3723 2215 3776 huius
2271 3724 2545 3783 editionis

345 3796 427 3849 ita
445 3793 728 3865 aptissime
749 3799 805 3848 et
821 3793 1120 3848 similitudo
1137 3794 1252 3861 illa,
1279 3807 1425 3860 quae
1462 3791 1698 3843 alienum
1723 3793 1822 3854 est,
1854 3792 1972 3840 tum
1996 3789 2104 3843 duo
2130 3790 2374 3846 editores
2399 3813 2543 3865 prae

347 3869 432 3918 est
447 3859 871 3918 familiaedcum
889 3861 1159 3917 Bembino
1179 3862 1371 3916 codice
1381 3859 1423 3926 ⁹,
1462 3857 1657 3912 ceteris
1682 3856 1752 3910 de
1775 3860 1957 3908 nostro
2016 3862 2146 3937 peta
2169 3858 2313 3914 bene
2348 3864 2546 3918 meriti

1460 3930 1608 3978 sunt:
1648 3925 1933 3977 Bentleium
2012 3942 2099 3980 1co
2140 3927 2384 3996 primum
2426 3933 2542 3994 (ed.

397 4037 424 4077 9
452 4036 493 4078 V
495 4034 589 4076 slut
604 4035 706 4077 110⁸
705 4037 769 4076 ut.
795 4036 872 4077 935
890 4033 1039 4077 AGDl
1066 4035 1286 4075 exhibent
1311 4030 1426 4082 quoa
1460 3994 1586 4047 Ter.
1598 3990 1989 4063 Cantabrigiae
2001 3993 2135 4047 1726
2155 3995 2545 4056 etAmstelae-

341 4097 449 4142 rooo
458 4098 570 4140 ‘ld-3
588 4084 655 4130 D2
672 4097 895 4140 nupsi-scr.
911 4086 1033 4135 uolo,-
1049 4082 1288 4138 ELyquod
1300 4082 1420 4124 uolo.
1457 4060 1603 4115 dami
1628 4059 1800 4130 1727),
1830 4060 1923 4130 qui
1948 4078 2071 4116 cum
2092 4061 2183 4116 via
2204 4078 2275 4118 ae
2296 4067 2543 4141 ratione,
